2750 4772
738 281 804 355 266

693 371 851 390 hun-‘-

249 457 307 526 aha
340 452 448 544 ὀρθῶς
480 452 735 539 naamathithes
766 453 886 544 *eaput
920 455 1031 544 αἰτεῖν,
1052 456 1137 542 ’ἀλλ’
1165 457 1290 546 ἃγαθὸῦ

252 588 336 640 τινος
357 561 458 628 αἴτιον
478 560 676 646 γεγενημένον
696 565 736 648 τῇ
762 557 849 626 πόλει
870 561 920 644 (in
943 559 1031 627 Ctes.
1052 583 1086 652 p.
1109 564 1162 652 87.
1184 569 1290 646 catal:

231 665 416 736 leot-orasti
438 662 708 743 Demosthenem,
733 661 936 755 Ctesiphon,
964 661 1057 756 quod
1077 664 1177 733 fossas
1197 689 1291 735 moe·

250 771 350 836 nibus
367 766 513 860 pulchre
534 765 783 860 praeducendas
806 785 969 858 curasset3
997 769 1090 834 cuius
1113 787 1224 834 tamen
1245 769 1290 837 ob

250 873 288 944 id
309 875 420 965 ipsum
441 872 549 937 maior
562 873 671 937 ‘etiam
693 870 792 962 culpa
815 890 880 953 est,
905 873 1032 966 quippe
1061 873 1122 964 qui
1144 871 1291 940 admini-

250 980 409 1046 stratione
431 1000 489 1041 sua
510 999 549 1042 eo
572 976 738 1042 civitatem
760 974 950 1060 adduxerit,
980 994 1018 1044 ut
1043 975 1144 1044 fossas
1159 975 1289 1050 ducere

247 1101 284 1150 et
304 1079 399 1150 vallis
422 1080 630 1146 communire
653 1095 764 1146 coacta
786 1080 837 1147 sit.

336 1187 453 1278 Itaque
476 1173 634 1251 continno
655 1198 732 1275 post
760 1181 889 1250 cladem
911 1175 1190 1268 Chaeronensem,
1210 1203 1289 1278 post

251 1289 386 1382 Olymp.
411 1287 489 1368 CX,
519 1283 550 1355 3Ι
564 1288 839 1378 Metagitnionem
860 1287 943 1369 Vll,
973 1287 1205 1380 indesperata
1228 1287 1287 1356 illa

248 1395 398 1486 civitatis
420 1390 631 1474 conditione,
667 1415 771 1482 quum
805 1391 978 1459 'exhaustae
1011 1390 1098 1460 bello
1126 1392 1285 1484 publicae

247 1499 413 1592 pecuniae
436 1514 547 1576 erant,
580 1494 799 1587 Philippique
826 1496 1006 1562 imminetis
1028 1497 1203 1588 impressio
1226 1522 1286 1564 ur-

247 1605 300 1670 bis
337 1597 615 1669 communiendae
655 1601 791 1666 civitati·
818 1602 1046 1668 necessitatem
1084 1602 1284 1684 iniunxerat,

246 1725 320 1776 tum
347 1705 588 1773 Demosthenes
619 1704 656 1769 in
688 1703 788 1771 fossas
822 1706 997 1772 moenibus
1030 1703 1283 1797 praeducendas

243 1813 308 1879 tria
329 1808 371 1877 de
392 1810 533 1903 proprio
563 1807 684 1878 talenta
706 1806 888 1900 impendit,
921 1825 993 1875 tum
1021 1832 1196 1876 murorum
1224 1834 1283 1877 re-

246 1914 471 1983 ficiendorum
500 1937 614 1981 curam
646 1911 910 1994 administrabat,
942 1930 975 1980 et
1003 1910 1120 1981 decem
1145 1911 1204 1980 illa
1233 1931 1283 1980 ta-

245 2020 352 2100 lenta,
385 2041 467 2110 quae
496 2041 536 2083 ex
559 2018 684 2083 aerario
707 2017 872 2107 accepisse
894 2041 971 2082 eum
992 2018 1173 2084 Aeschines
1196 2015 1282 2086 dicit

243 2127 294 2209 (in
322 2123 409 2190 Ctes.
439 2146 474 2214 p.
505 2123 545 2210 57
573 2118 685 2202 med),
723 2143 780 2184 eae
802 2120 972 2187 manifesto
1000 2123 1161 2212 pecuniae
1190 2137 1279 2203 sunt,

242 2251 325 2321 quas
353 2250 412 2294 suo
449 2223 591 2292 consilio
624 2222 668 2288 ad
698 2223 833 2290 moenia
865 2224 1067 2304 restituenda
1099 2224 1279 2292 destinasse
1371 2227 1372 2312 ζ

241 2315 405 2426 populum
427 2331 464 2396 in
487 2348 631 2396 extrema
652 2325 711 2392 illa
733 2325 914 2395 calamitate
943 2331 1015 2421 ipse
1037 2328 1278 2399 Demosthenes
1371 2317 1372 2341 ³

240 2437 412 2504 refertor.
436 2433 478 2501 de
501 2456 566 2501 eor.
590 2458 623 2524 p.
647 2433 737 2522 309.·

326 2543 372 2606 At
394 2535 654 2606 Demosthenem
680 2561 750 2604 non
771 2537 840 2605 sola
866 2539 993 2629 patriae
1014 2537 1077 2606 ista
1099 2535 1278 2621 calamitas,

239 2645 299 2712 sed
319 2644 457 2735 propria
479 2643 585 2722 etiam,
599 2640 752 2732 pericula
773 2642 816 2706 ad
837 2640 1067 2709 liberalitatem
1081 2639 1173 2708 illam
1188 2645 1279 2708 exci-

239 2768 322 2817 tasse
342 2746 518 2825 videntur‚
540 2742 578 2809 id
599 2744 691 2836 quod
713 2743 755 2810 ad
777 2744 1059 2838 comprobandam
1081 2741 1277 2837 opinionem

237 2869 387 2920 nostram
415 2849 458 2915 de
485 2850 571 2914 iusto
599 2849 768 2915 institutae
796 2851 933 2916 actionis
954 2871 1042 2915 anno
1064 2847 1155 2914 haud
1175 2851 1276 2917 mini-

237 2979 333 3028 mum
360 2954 448 3022 facit.
499 2953 632 3018 Etenim
673 2954 831 3021 continuo
861 2971 938 3045 post
967 2952 1097 3040 cladem
1129 2953 1275 3023 Chaeroae

154 3137 156 3141 ,
235 3085 376 3128 nensem
397 3075 527 3128 exortae
549 3075 628 3123 sunt
648 3075 770 3126 contra
786 3057 1046 3124 Demosthenem
1065 3054 1142 3123 illae
1157 3056 1274 3126 adver-

238 3166 402 3232 sariorum
432 3163 713 3255 conspirationes,
744 3161 786 3228 de
816 3162 938 3254 quibus
970 3163 1179 3252 ipse‘orator
1208 3164 1275 3254 agit
1370 3185 1371 3192 ¹

235 3268 281 3335 de
303 3292 371 3338 eor.
393 3293 427 3359 p.
452 3270 524 3350 310,
546 3265 636 3332 unde
658 3265 739 3332 haec
762 3289 876 3332 exorsa
898 3282 947 3334 est
969 3265 1159 3358 disputatio.
1204 3268 1274 3334 De-

234 3371 415 3441 mosthenis
447 3373 484 3436 in
509 3394 546 3436 re
574 3369 708 3462 publica
736 3369 996 3438 administranda
1019 3371 1167 3440 consiliis
1188 3371 1273 3439 facta

235 3497 286 3545 cst
318 3501 395 3544 cum
428 3475 601 3548 universae
631 3474 807 3554 Graeciae,
849 3491 920 3542 tum
948 3475 1203 3542 Atheniensium
1230 3474 1273 3542 ad

236 3582 466 3650 Chaeroneam
487 3576 609 3646 clades.
654 3578 848 3669 Profligatis.
861 3580 963 3670 igitur
983 3603 1046 3672 pet·
1066 3577 1140 3646 ‘eam
1149 3581 1273 3648 Demo-

321 3925 378 4004 τὰς
405 3924 516 4012 θήκας]
540 3923 814 4017 [συνεβάλλοντο]·
842 3901 1042 4010 incustodito
1071 3927 1103 3994 οἳ
1125 3929 1183 4014 μὲν
1215 3933 1273 4012 τῆς

282 4065 284 4068 -
322 4021 385 4080 τῶν
405 4020 516 4097 τειχῶν
536 4021 741 4100 κατασκευῆς,
768 4014 802 4080 ,οἱ
829 4015 863 4082 dd
892 4019 960 4100 saie
987 4020 1063 4084 τῶν
1091 4014 1270 4102 τάφρων,

324 4099 353 4168 oi
376 4101 410 4166 δὲ
432 4106 489 4186 τῆς
508 4101 711 4195 χαρακώσῳςό
