2706 4782
141 1415 453 1547 Humanitatem,
467 1449 647 1546 Boeokhi,
660 1452 716 1529 vir
731 1449 1054 1552 praestantissime,
1072 1475 1182 1553 quant

141 1575 255 1676 vulgo
294 1590 436 1675 gratam
475 1572 577 1648 illam
612 1574 723 1646 animi
757 1585 893 1648 vocant
937 1571 1180 1668 affectionem,

116 1773 120 1782 ,
141 1721 239 1799 quae
265 1698 305 1768 in
332 1692 625 1785 mausuetudine,
651 1696 690 1767 in
716 1695 917 1794 aequitate,
949 1696 989 1767 in
1015 1693 1183 1770 dexteri-

140 1834 226 1910 tate,
252 1819 292 1890 in
316 1813 540 1890 liberalitate
573 1812 734 1915 denique
768 1816 946 1909 comitto,
970 1815 1064 1890 acite
1089 1815 1183 1892 mihi

7 1975 10 1996 ι
138 1939 281 2041 antiqui
294 1940 546 2011 Romanorum
572 1937 784 2036 scriptores,
811 1936 877 2036 qui
902 1933 1031 2012 verbis
1057 1936 1182 2037 probe

139 2062 200 2136 usi
234 2074 338 2151 suut,
373 2054 621 2133 eruditionem
656 2055 765 2129 simul
799 2054 1077 2159 doctrinamque
1102 2083 1181 2131 no-

140 2183 300 2254 minasse
334 2176 526 2271 videntur,
563 2192 605 2252 ut
643 2176 797 2277 paulum
831 2177 945 2253 modo
985 2177 1193 2256 humanior.

141 2301 242 2375 idem
264 2303 319 2374 eis
333 2297 473 2374 valeret
491 2314 528 2373 et
549 2296 704 2374 doctior.
755 2289 932 2374 Nimirum
945 2298 1002 2377 illi
1015 2324 1091 2374 non
1108 2290 1190 2376 una

142 2446 238 2497 voce
260 2420 321 2493 -ad
352 2420 514 2494 diversas
556 2419 843 2519 signifieationes
885 2436 1027 2496 temere
1068 2421 1183 2514 abuti,

145 2538 215 2614 sed
241 2564 287 2614 eo
313 2538 355 2612 id
378 2543 504 2640 potius
530 2539 739 2642 significare
767 2540 953 2635 volebant,
978 2545 1075 2616 inter
1100 2541 1181 2619 illas

143 2664 309 2752 virtutes,
336 2686 434 2762 quae
466 2661 660 2735 hominem
693 2664 804 2737 unice
831 2660 1000 2756 deceant,
1026 2675 1064 2738 et
1089 2689 1181 2737 eru-

141 2781 317 2856 ditionem
349 2784 574 2856 artissimum
605 2780 791 2856 vinculum
831 2784 1029 2877 interesse,
1063 2797 1181 2885 utque

140 2917 310 2979 ueterum
344 2903 498 3005 quidam
533 2901 643 2997 dixit,
684 2906 749 3005 qui
790 2905 933 2980 sincero
967 2904 1107 2979 litteras
1142 2916 1181 2979 et

138 3024 258 3114 bonas
284 3040 383 3097 artes
411 3025 564 3126 cupiant
577 3041 843 3126 appetantque,
859 3049 926 3099 eos
951 3024 1182 3101 velmaxime

141 3170 223 3221 esse
249 3144 444 3219 humanos.
496 3150 617 3246 Atque
637 3145 707 3219 suit
724 3143 927 3247 quondam,
954 3172 1071 3247 quum
1086 3148 1180 3247 ipsis

139 3267 201 3342 his
226 3268 363 3346 nostris
389 3271 624 3367 antiquarum
655 3266 860 3342 litterarum
892 3265 1042 3362 studiis,
1077 3289 1181 3368 quo·-

139 3413 224 3466 rum
258 3411 358 3460 nuno
392 3387 620 3488 philologiae
653 3388 817 3489 amplum
850 3412 989 3464 nomen
1016 3390 1183 3464 circum·

139 3508 275 3599 fertur,
316 3505 411 3582 haee
445 3505 630 3610 quaedam
670 3512 821 3609 propria
851 3511 968 3585 virtus
1010 3506 1181 3603 dabatur,

140 3626 248 3730 quod
283 3629 469 3729 ingenium
504 3646 541 3704 et
575 3654 698 3705 mores
739 3654 831 3731 prae
873 3629 1006 3705 ceteris
1049 3629 1182 3706 litteris

141 3748 307 3850 expolire
342 3767 379 3822 et
411 3748 612 3826 humanam
647 3766 813 3824 naturam
847 3753 955 3852 quasi
980 3750 1184 3826 humanio-

66 3957 70 3972 „
141 3894 224 3945 rem
249 3869 409 3944 reddere
444 3869 630 3965 valerent,
665 3873 720 3946 eis
752 3886 796 3949 ut
828 3872 940 3946 unioe
975 3885 1014 3947 et
1047 3874 1184 3946 artium

141 3988 351 4067 liberalium
377 4006 415 4067 et
440 3989 679 4072 humanitatis
714 3991 922 4067 studiorum
948 4017 1088 4068 nomon
1112 3993 1185 4068 tri-

135 4111 334 4187 bueretur.
388 4110 500 4207 Quod
525 4114 611 4188 lieet
637 4138 734 4187 nuuc
761 4111 911 4190 dehoc
938 4111 1020 4190 solo
1033 4110 1185 4190 studio-
