2712 4762
555 261 558 268 ν
658 219 814 322 aa.

216 415 317 470 οντες,
346 387 435 471 μόλις
457 385 581 464 ’ἔπεισαν
602 391 647 476 τῷ
671 386 812 451 Φωκίωνι
835 382 1000 470 ἐπιτρέψοι
1021 406 1078 465 την
1100 379 1199 463 πόλιν,
1224 395 1259 446 et

219 491 311 588 quod
338 492 430 556 hunc
460 485 564 556 unum
593 486 912 562 omninm2exulare
934 486 1031 551 iussit
1058 481 1258 564 Alexander,

217 617 332 691 passus
363 611 412 660 est
438 592 585 688 populus
614 592 841 670 Athe-niensis,
879 587 972 683 quod
999 585 1089 654 idem
1117 605 1194 678 post
1219 589 1259 653 in

218 701 366 772 Porciam
401 720 485 762 sesev
507 694 650 774 contulit
684 694 722 761 id
759 719 873 786 agens,
909 709 948 760 ut
983 691 1067 757 belli
1091 689 1259 758 *adversus

218 798 453 872 Alexandrum
480 801 543 864 sibi
574 824 592 863 a
621 799 724 865 Dario
758 799 937 890 imperium
971 794 1168 876 deferretur,
1197 791 1260 862 sed

219 907 273 974 ob·
291 905 397 971 animi
424 902 667 968 vehementiam
687 904 729 968 'et
755 900 887 991 linguae
919 900 1058 978 nimiam
1086 897 1261 964 licentiam

218 1012 310 1076 iussu
335 1007 431 1072 Darii
453 1004 645 1072 interfectus
668 1023 725 1086 est,
748 1005 784 1069 id
807 1029 884 1074 sane
899 1003 941 1069 ad
964 1001 1157 1092 Charidemi
1180 1002 1264 1068 Ori-

221 1131 272 1180 tae
294 1133 403 1203 mores
426 1125 459 1174 et
481 1109 655 1200 ingenium
676 1109 800 1200 optime
815 1106 963 1200 quadrat,
987 1132 1089 1200 quem
1110 1107 1283 1198 primum.

222 1213 464 1304 Demosthenes
497 1231 535 1278 nt
564 1210 797 1304 turbulentum
825 1211 998 1278 hominem
1028 1227 1062 1278 et
1089 1208 1264 1303 perfidum

175 1340 177 1347 ’
222 1337 256 1388 et
276 1317 362 1384 locri
384 1315 569 1384 studiosum
591 1313 810 1381 acerbissimis
829 1317 988 1382 conviciis
1011 1315 1160 1383 oratione
1181 1314 1265 1379 Ari-

223 1439 382 1492 stocraten
410 1420 639 1511 persequitur,
663 1419 902 1511 Theopompus
931 1442 1009 1486 vero
1037 1416 1131 1510 gulae
1162 1418 1266 1483 etiam

222 1549 396 1617 ganeoque
424 1521 576 1588 deditum
606 1521 764 1588 describit
794 1548 846 1613 ap.
880 1524 1009 1589 Athen:
1041 1525 1090 1601 X,
1121 1547 1153 1614 p.
1183 1521 1265 1606 436,

223 1630 284 1697 uhi
315 1629 397 1694 haec
425 1626 635 1718 Theopompi
662 1625 704 1692 de
735 1607 935 1694 Charidemo
963 1643 1130 1718 postrema
1163 1623 1266 1694 verba

224 1733 396 1823 leguntur:
419 1732 469 1798 καὶ
492 1730 535 1806 εἲς
556 1735 706 1800 τοσοῦτον
726 1737 885 1817 προῆλθεν
907 1733 1066 1818 ἀκρασίας,
1091 1729 1171 1798 ὥστε
1191 1755 1265 1814 μει-

159 1827 160 1832 ¹
225 1835 332 1924 ράκιόν
358 1861 388 1902 τι
422 1834 508 1921 παρὰ
534 1841 591 1920 τῆς
625 1842 741 1921 βουλῆς
773 1843 920 1920 τῆς-τῶν
953 1837 1128 1902 Ὀλυνθίων
1166 1837 1266 1900 οἲτεῖν

225 1943 426 2025 ἐπεχείρησεν,
451 1939 468 2003 ὃ
491 1937 548 2022 τὴν
568 1940 625 2021 μὲν
648 1937 724 2021 ὄψιν
743 1933 782 2024 ἦν
794 1939 904 2016 εὐειδὲς
914 1943 964 2006 καὶ
974 1941 1092 2027 χαρίεν,
1116 1937 1266 2023 ἐτύγχανε

225 2043 260 2110 δὲ
281 2040 370 2124 μετὰ.
385 2043 509 2128 Δέρδου
532 2049 588 2107 τοῦ
618 2041 804 2119 Μακεδόνος
831 2043 1028 2126 αἰχμάλωτον
1053 2043 1263 2128 γεγενημένον.

110 2161 112 2166 ’
227 2145 319 2228 Quae
341 2145 412 2234 ipsa
444 2163 533 2210 certe
567 2145 617 2226 vix·
644 2143 686 2210 ad
709 2143 800 2210 aliud
821 2139 950 2238 tempus
972 2145 1091 2214 referri
1112 2161 1264 2247 possunt,

227 2272 326 2339 quam
352 2247 391 2312 ad
417 2247 474 2315 Ol.
499 2248 605 2326 CVll,
628 2249 660 2332 4,
684 2273 750 2341 quo
773 2241 868 2318 anno.
885 2249 1056 2341 Olynthiis
1085 2273 1161 2315 cum
1184 2247 1266 2314 Phi-

124 2421 128 2428 ,
227 2351 322 2442 lippo
345 2351 473 2418 bellum
508 2352 699 2441 gerentibus
738 2354 956 2421 Charidemus
987 2353 1027 2419 ab
1051 2351 1267 2418 Atheniensi-

226 2457 288 2520 bus
312 2454 432 2522 aurilio
454 2457 570 2522 missus
594 2474 642 2522 est
664 2458 703 2537 is,
727 2459 785 2547 qni
808 2456 862 2524 Ol.
887 2457 999 2538 CVll,
1022 2481 1042 2522 n
1065 2455 1205 2522 Athenis
1227 2455 1266 2519 in

229 2559 646 2627 Chersonesum'solverat
694 2560 786 2641 Quae
817 2562 931 2652 opinio
962 2585 1001 2634 eo
1023 2562 1160 2626 maxime
1184 2575 1290 2625 con-'

228 2663 390 2742 firmatur,
415 2660 506 2753 quod
530 2662 657 2728 Derdas
680 2647 819 2732 Macedo
851 2666 998 2755 'captivus
1028 2681 1098 2728 tum
1123 2663 1268 2754 Olynthi

228 2777 372 2832 'versatus
396 2763 525 2844 dicitur,
550 2791 650 2858 quem
664 2765 788 2846 Philae,
813 2771 925 2834 uxoris
943 2766 1107 2859 Philippi,
1129 2767 1269 2832 lintrem

171 2950 173 2954 ι
227 2870 327 2937 fuisse
350 2883 477 2936 constat
499 2891 535 2936 ex
547 2870 717 2936 Athenaeo
737 2869 828 2936 XIII.
841 2896 875 2963 p.
889 2874 961 2962 557.
1006 2871 1116 2937 Etiam
1131 2893 1269 2963 praece-

228 2971 321 3039 denti
344 2969 482 3064 quidem
504 2974 571 3038 iam
593 2990 743 3064 tempore
772 2965 845 3056 (sub
868 2955 1034 3070 illngs
1054 2982 1082 3057 r)
1105 2972 1269 3042 Charide-

117 3155 120 3162 ,
213 3079 301 3148 xutus
326 3077 423 3144 Orita
447 3077 488 3142 ab
512 3075 694 3168 Olynthiis,
724 3078 924 3169 quibuscum
946 3096 1018 3146 tum
1047 3079 1267 3144 Athenienses

230 3199 263 3248 et
293 3179 492 3251 Macedones
522 3179 620 3248 simul
649 3179 818 3258 bellabant
847 3183 956 3264 (Dem.
988 3181 1128 3274 Olynth.
1159 3184 1202 3251 ΙΙ.
1231 3207 1266 3274 p.

229 3275 513 3372 aa.)„conductus·
533 3302 601 3350 erat
624 3302 704 3350 teste
728 3285 953 3352 Demosthene
974 3287 1011 3351 in
1034 3309 1081 3352 or.
1105 3287 1266 3354 Aristocr.

228 3387 362 3480 Ρο669,
384 3385 536 3454 sedtum
558 3387 679 3453 itinere
708 3413 726 3457 a
749 3389 927 3456 Timotheo
956 3391 1162 3482 interceptus
1182 3413 1269 3482 quo-

228 3492 339 3563 minus
363 3514 440 3559 cum
462 3489 633 3581 Olynthiis
655 3493 732 3557 sese
748 3495 973 3584 coniungeret,
994 3493 1184 3585 prohibitus
1207 3512 1267 3562 est.

231 3595 323 3677 Quae
346 3619 451 3684 quum
473 3595 618 3693 itacius,
643 3593 883 3696 Charidemum
904 3621 982 3664 eum
1004 3598 1063 3691 qui
1087 3596 1144 3664 Ol.
1159 3598 1266 3678 CVII,

218 3698 250 3764 'n
272 3697 517 3766 Boedromione
539 3722 652 3766 mense
682 3699 824 3768 Athenis
852 3703 890 3768 ,in
920 3701 1165 3782 Chersonesum
1186 3701 1268 3766 mis-

229 3825 284 3871 sus
308 3817 366 3879 est,
389 3802 504 3892 etqui
528 3819 599 3868 tum
622 3801 797 3894 Olynthiis
819 3799 1016 3898 opitulatus,
1050 3822 1083 3872 et
1103 3823 1181 3898 post
1201 3801 1267 3870 cla-

114 3935 116 3941 *
214 3903 306 3974 'dem
335 3903 377 3976 ad
400 3903 630 3974 Chaeroneam
661 3907 737 3974 exul
754 3911 807 3976 in
834 3910 981 3975 Persium
1015 3931 1085 3982 sese
1113 3906 1279 3989 οοηῑιιΙίι,1

119 4039 120 4042 “
160 4069 165 4080 ,
231 4009 897 4110 ἱὴὶοοοιηοοοωεοοο,,νοοοοχοοῑοοοοω
918 4012 1018 4094 illum
1033 4011 1268 4089 docomAthe·
