<?xml version="1.0" encoding="UTF-8"?>
<!DOCTYPE html PUBLIC "-//W3C//DTD XHTML 1.0 Transitional//EN"
    "http://www.w3.org/TR/xhtml1/DTD/xhtml1-transitional.dtd">
<html xmlns="http://www.w3.org/1999/xhtml" xml:lang="en" lang="en">
 <head>
  <title>
</title>
<meta http-equiv="Content-Type" content="text/html;charset=utf-8" />
  <meta name='ocr-system' content='tesseract 3.04.00' />
  <meta name='ocr-capabilities' content='ocr_page ocr_carea ocr_par ocr_line ocrx_word'/>
</head>
<body>
  <div class='ocr_page' id='page_1' title='image "./francisciwiniew00winigoog_0325.png"; bbox 0 0 2740 4774; ppageno 0'>
   <div class='ocr_carea' id='block_1_1' title="bbox 219 433 1355 1987">
    <p class='ocr_par' dir='ltr' id='par_1_1' title="bbox 219 433 1355 1987">
     <span class='ocr_line' id='line_1_1' title="bbox 267 433 1307 532; baseline -0.006 -25"><span class='ocrx_word' id='word_1_1' title='bbox 267 437 404 532; x_wconf 80' lang='lat' dir='ltr'>bleptae</span> <span class='ocrx_word' id='word_1_2' title='bbox 430 433 572 504; x_wconf 86' lang='lat' dir='ltr'>aemulls</span> <span class='ocrx_word' id='word_1_3' title='bbox 599 433 693 504; x_wconf 87' lang='lat' dir='ltr'>band</span> <span class='ocrx_word' id='word_1_4' title='bbox 719 435 833 510; x_wconf 85' lang='lat' dir='ltr'>dubie¹</span> <span class='ocrx_word' id='word_1_5' title='bbox 858 436 1035 519; x_wconf 75' lang='lat' dir='ltr'>exeintus,</span> <span class='ocrx_word' id='word_1_6' title='bbox 1062 435 1101 502; x_wconf 89' lang='lat' dir='ltr'>iu</span> <span class='ocrx_word' id='word_1_7' title='bbox 1131 433 1307 502; x_wconf 83' lang='lat' dir='ltr'>&#39;l&#39;hraeiam</span> 
     </span>
     <span class='ocr_line' id='line_1_2' title="bbox 268 537 1355 634; baseline -0.003 -23"><span class='ocrx_word' id='word_1_8' title='bbox 268 543 400 623; x_wconf 82' lang='lat' dir='ltr'>invasit,</span> <span class='ocrx_word' id='word_1_9' title='bbox 420 539 482 608; x_wconf 90' lang='lat' dir='ltr'>nbi</span> <span class='ocrx_word' id='word_1_10' title='bbox 502 538 585 608; x_wconf 87' lang='lat' dir='ltr'>alios</span> <span class='ocrx_word' id='word_1_11' title='bbox 606 539 770 609; x_wconf 81' lang='lat' dir='ltr'>‘lhraeiae</span> <span class='ocrx_word' id='word_1_12' title='bbox 790 563 886 632; x_wconf 84' lang='lat' dir='ltr'>reges</span> <span class='ocrx_word' id='word_1_13' title='bbox 913 537 1081 634; x_wconf 79' lang='lat' dir='ltr'>expulisse</span> <span class='ocrx_word' id='word_1_14' title='bbox 1101 562 1208 621; x_wconf 83' lang='lat' dir='ltr'>enm,·</span> <span class='ocrx_word' id='word_1_15' title='bbox 1225 537 1304 608; x_wconf 80' lang='lat' dir='ltr'>alios</span> <span class='ocrx_word' id='word_1_16' title='bbox 1352 621 1355 630; x_wconf 39' lang='grc'><strong>,</strong></span> 
     </span>
     <span class='ocr_line' id='line_1_3' title="bbox 219 643 1303 738; baseline -0.003 -22"><span class='ocrx_word' id='word_1_17' title='bbox 219 731 223 738; x_wconf 19' lang='grc' dir='ltr'>ι</span> <span class='ocrx_word' id='word_1_18' title='bbox 271 645 478 716; x_wconf 87' lang='lat' dir='ltr'>constituisse</span> <span class='ocrx_word' id='word_1_19' title='bbox 497 643 739 712; x_wconf 75' lang='lat' dir='ltr'>Demosthenes</span> <span class='ocrx_word' id='word_1_20' title='bbox 761 643 934 714; x_wconf 83' lang='lat' dir='ltr'>refertor.</span> <span class='ocrx_word' id='word_1_21' title='bbox 957 643 1098 737; x_wconf 79' lang='lat' dir='ltr'>Olynth.</span> <span class='ocrx_word' id='word_1_22' title='bbox 1113 644 1139 710; x_wconf 91' lang='lat' dir='ltr'>l.</span> <span class='ocrx_word' id='word_1_23' title='bbox 1160 665 1196 736; x_wconf 86' lang='lat' dir='ltr'>p.</span> <span class='ocrx_word' id='word_1_24' title='bbox 1221 643 1303 733; x_wconf 51' lang='lat'>133)</span> 
     </span>
     <span class='ocr_line' id='line_1_4' title="bbox 267 745 1305 841; baseline -0.004 -23"><span class='ocrx_word' id='word_1_25' title='bbox 267 749 399 820; x_wconf 90' lang='lat' dir='ltr'>Eodem</span> <span class='ocrx_word' id='word_1_26' title='bbox 430 767 582 841; x_wconf 87' lang='lat' dir='ltr'>tempore</span> <span class='ocrx_word' id='word_1_27' title='bbox 602 745 860 816; x_wconf 79' lang='lat' dir='ltr'>Atheniensium</span> <span class='ocrx_word' id='word_1_28' title='bbox 887 751 987 817; x_wconf 87' lang='lat' dir='ltr'>etiam</span> <span class='ocrx_word' id='word_1_29' title='bbox 1008 750 1046 815; x_wconf 90' lang='lat' dir='ltr'>in</span> <span class='ocrx_word' id='word_1_30' title='bbox 1066 747 1210 815; x_wconf 80' lang='lat' dir='ltr'>&#39;lbraeia</span> <span class='ocrx_word' id='word_1_31' title='bbox 1226 771 1305 840; x_wconf 89' lang='lat' dir='ltr'>pos-</span> 
     </span>
     <span class='ocr_line' id='line_1_5' title="bbox 267 851 1303 947; baseline -0.004 -25"><span class='ocrx_word' id='word_1_32' title='bbox 267 856 427 923; x_wconf 77' lang='lat' dir='ltr'>sessiones</span> <span class='ocrx_word' id='word_1_33' title='bbox 456 854 674 946; x_wconf 77' lang='lat' dir='ltr'>impugnasse</span> <span class='ocrx_word' id='word_1_34' title='bbox 697 851 907 947; x_wconf 86' lang='lat' dir='ltr'>Philippum,</span> <span class='ocrx_word' id='word_1_35' title='bbox 934 853 1042 946; x_wconf 86' lang='lat' dir='ltr'>liquet</span> <span class='ocrx_word' id='word_1_36' title='bbox 1068 876 1109 920; x_wconf 84' lang='lat' dir='ltr'>ex</span> <span class='ocrx_word' id='word_1_37' title='bbox 1130 853 1227 920; x_wconf 89' lang='lat' dir='ltr'>Dem.</span> <span class='ocrx_word' id='word_1_38' title='bbox 1254 874 1303 920; x_wconf 84' lang='lat' dir='ltr'>or.</span> 
     </span>
     <span class='ocr_line' id='line_1_6' title="bbox 268 957 1305 1053; baseline -0.006 -26"><span class='ocrx_word' id='word_1_39' title='bbox 268 959 411 1051; x_wconf 72' lang='lat' dir='ltr'>olyntu</span> <span class='ocrx_word' id='word_1_40' title='bbox 433 957 494 1042; x_wconf 86' lang='grc' dir='ltr'><strong>ΙΙΙ,</strong></span> <span class='ocrx_word' id='word_1_41' title='bbox 515 981 550 1048; x_wconf 91' lang='lat' dir='ltr'>p.</span> <span class='ocrx_word' id='word_1_42' title='bbox 574 981 618 1048; x_wconf 80' lang='lat'>29</span> <span class='ocrx_word' id='word_1_43' title='bbox 639 979 689 1050; x_wconf 75' lang='lat' dir='ltr'>sq.</span> <span class='ocrx_word' id='word_1_44' title='bbox 733 958 804 1024; x_wconf 87' lang='lat' dir='ltr'>Hac</span> <span class='ocrx_word' id='word_1_45' title='bbox 836 959 942 1050; x_wconf 88' lang='lat' dir='ltr'>igitur</span> <span class='ocrx_word' id='word_1_46' title='bbox 966 959 1230 1053; x_wconf 73' lang='lat' dir='ltr'>opportunitate,</span> <span class='ocrx_word' id='word_1_47' title='bbox 1251 957 1305 1022; x_wconf 90' lang='lat' dir='ltr'>in-</span> 
     </span>
     <span class='ocr_line' id='line_1_7' title="bbox 267 1060 1305 1154; baseline -0.006 -22"><span class='ocrx_word' id='word_1_48' title='bbox 267 1081 373 1132; x_wconf 79' lang='lat' dir='ltr'>stante</span> <span class='ocrx_word' id='word_1_49' title='bbox 402 1079 438 1129; x_wconf 89' lang='lat' dir='ltr'>et</span> <span class='ocrx_word' id='word_1_50' title='bbox 463 1060 530 1128; x_wconf 91' lang='lat' dir='ltr'>sibi</span> <span class='ocrx_word' id='word_1_51' title='bbox 557 1079 590 1129; x_wconf 91' lang='lat' dir='ltr'>et</span> <span class='ocrx_word' id='word_1_52' title='bbox 610 1061 872 1130; x_wconf 84' lang='lat' dir='ltr'>Atheniensibus</span> <span class='ocrx_word' id='word_1_53' title='bbox 902 1062 992 1154; x_wconf 86' lang='lat' dir='ltr'>gravi</span> <span class='ocrx_word' id='word_1_54' title='bbox 1023 1061 1194 1154; x_wconf 84' lang='lat' dir='ltr'>periculo,</span> <span class='ocrx_word' id='word_1_55' title='bbox 1219 1061 1305 1128; x_wconf 82' lang='lat' dir='ltr'>veri·</span> 
     </span>
     <span class='ocr_line' id='line_1_8' title="bbox 265 1163 1305 1258; baseline -0.003 -23"><span class='ocrx_word' id='word_1_56' title='bbox 265 1166 447 1235; x_wconf 80' lang='lat' dir='ltr'>simileest</span> <span class='ocrx_word' id='word_1_57' title='bbox 468 1165 707 1234; x_wconf 75' lang='lat' dir='ltr'>Charidemum</span> <span class='ocrx_word' id='word_1_58' title='bbox 727 1165 872 1234; x_wconf 83' lang='lat' dir='ltr'>foederis</span> <span class='ocrx_word' id='word_1_59' title='bbox 889 1165 979 1232; x_wconf 87' lang='lat' dir='ltr'>inter</span> <span class='ocrx_word' id='word_1_60' title='bbox 1001 1163 1250 1258; x_wconf 82' lang='lat' dir='ltr'>Cersobleptem</span> <span class='ocrx_word' id='word_1_61' title='bbox 1272 1181 1305 1232; x_wconf 90' lang='lat' dir='ltr'>et</span> 
     </span>
     <span class='ocr_line' id='line_1_9' title="bbox 264 1269 1305 1363; baseline -0.006 -23"><span class='ocrx_word' id='word_1_62' title='bbox 264 1271 487 1340; x_wconf 77' lang='lat' dir='ltr'>Athenienses</span> <span class='ocrx_word' id='word_1_63' title='bbox 515 1269 720 1339; x_wconf 88' lang='lat' dir='ltr'>conciliandi</span> <span class='ocrx_word' id='word_1_64' title='bbox 754 1270 860 1363; x_wconf 86' lang='lat' dir='ltr'>gratia</span> <span class='ocrx_word' id='word_1_65' title='bbox 897 1269 1046 1336; x_wconf 85' lang='lat' dir='ltr'>Athenas</span> <span class='ocrx_word' id='word_1_66' title='bbox 1078 1271 1219 1362; x_wconf 70' lang='lat' dir='ltr'>petisse,</span> <span class='ocrx_word' id='word_1_67' title='bbox 1250 1291 1305 1334; x_wconf 88' lang='lat' dir='ltr'>ea-</span> 
     </span>
     <span class='ocr_line' id='line_1_10' title="bbox 264 1373 1304 1467; baseline -0.002 -25"><span class='ocrx_word' id='word_1_68' title='bbox 264 1374 411 1467; x_wconf 83' lang='lat' dir='ltr'>demque</span> <span class='ocrx_word' id='word_1_69' title='bbox 432 1398 539 1466; x_wconf 80' lang='lat' dir='ltr'>quum</span> <span class='ocrx_word' id='word_1_70' title='bbox 561 1374 627 1467; x_wconf 89' lang='lat' dir='ltr'>ipsi</span> <span class='ocrx_word' id='word_1_71' title='bbox 649 1375 748 1442; x_wconf 86' lang='lat' dir='ltr'>etiam</span> <span class='ocrx_word' id='word_1_72' title='bbox 768 1374 989 1442; x_wconf 81' lang='lat' dir='ltr'>Athenienses</span> <span class='ocrx_word' id='word_1_73' title='bbox 1008 1373 1219 1455; x_wconf 89' lang='lat' dir='ltr'>Charidemi,</span> <span class='ocrx_word' id='word_1_74' title='bbox 1240 1373 1304 1440; x_wconf 83' lang='lat' dir='ltr'>viri</span> 
     </span>
     <span class='ocr_line' id='line_1_11' title="bbox 264 1477 1303 1590; baseline -0.004 -43"><span class='ocrx_word' id='word_1_75' title='bbox 264 1481 303 1547; x_wconf 86' lang='lat' dir='ltr'>in</span> <span class='ocrx_word' id='word_1_76' title='bbox 317 1478 392 1590; x_wconf 63' lang='lat' dir='ltr'>fillis</span> <span class='ocrx_word' id='word_1_77' title='bbox 412 1479 607 1572; x_wconf 88' lang='lat' dir='ltr'>regionibns</span> <span class='ocrx_word' id='word_1_78' title='bbox 634 1478 864 1560; x_wconf 86' lang='lat' dir='ltr'>versatissimi,</span> <span class='ocrx_word' id='word_1_79' title='bbox 895 1493 930 1544; x_wconf 89' lang='lat' dir='ltr'>et</span> <span class='ocrx_word' id='word_1_80' title='bbox 949 1479 1155 1546; x_wconf 80' lang='lat' dir='ltr'>auctoritatis</span> <span class='ocrx_word' id='word_1_81' title='bbox 1183 1477 1303 1570; x_wconf 81' lang='lat' dir='ltr'>gravis-</span> 
     </span>
     <span class='ocr_line' id='line_1_12' title="bbox 262 1580 1303 1675; baseline -0.006 -23"><span class='ocrx_word' id='word_1_82' title='bbox 262 1585 376 1665; x_wconf 84' lang='lat' dir='ltr'>simae,</span> <span class='ocrx_word' id='word_1_83' title='bbox 400 1600 435 1650; x_wconf 93' lang='lat' dir='ltr'>et</span> <span class='ocrx_word' id='word_1_84' title='bbox 461 1583 676 1675; x_wconf 86' lang='lat' dir='ltr'>imperatoria</span> <span class='ocrx_word' id='word_1_85' title='bbox 703 1583 826 1650; x_wconf 76' lang='lat' dir='ltr'>virtme</span> <span class='ocrx_word' id='word_1_86' title='bbox 855 1583 924 1648; x_wconf 90' lang='lat' dir='ltr'>iam</span> <span class='ocrx_word' id='word_1_87' title='bbox 953 1580 1136 1650; x_wconf 86' lang='lat' dir='ltr'>admodum</span> <span class='ocrx_word' id='word_1_88' title='bbox 1161 1581 1303 1673; x_wconf 89' lang='lat' dir='ltr'>probati,</span> 
     </span>
     <span class='ocr_line' id='line_1_13' title="bbox 262 1683 1305 1778; baseline -0.002 -24"><span class='ocrx_word' id='word_1_89' title='bbox 262 1689 409 1754; x_wconf 83' lang='lat' dir='ltr'>maxime·</span> <span class='ocrx_word' id='word_1_90' title='bbox 424 1709 503 1753; x_wconf 91' lang='lat' dir='ltr'>sane</span> <span class='ocrx_word' id='word_1_91' title='bbox 524 1683 715 1777; x_wconf 83' lang='lat' dir='ltr'>indigerent</span> <span class='ocrx_word' id='word_1_92' title='bbox 740 1684 876 1767; x_wconf 79' lang='lat' dir='ltr'>anxilio,</span> <span class='ocrx_word' id='word_1_93' title='bbox 909 1687 959 1770; x_wconf 87' lang='lat' dir='ltr'>ei,</span> <span class='ocrx_word' id='word_1_94' title='bbox 990 1709 1057 1778; x_wconf 85' lang='lat' dir='ltr'>quo</span> <span class='ocrx_word' id='word_1_95' title='bbox 1085 1685 1217 1752; x_wconf 88' lang='lat' dir='ltr'>firmius</span> <span class='ocrx_word' id='word_1_96' title='bbox 1237 1684 1305 1752; x_wconf 88' lang='lat' dir='ltr'>sibi</span> 
     </span>
     <span class='ocr_line' id='line_1_14' title="bbox 263 1781 1304 1883; baseline -0.005 -24"><span class='ocrx_word' id='word_1_97' title='bbox 263 1781 476 1883; x_wconf 81' lang='lat' dir='ltr'>obligaretur,</span> <span class='ocrx_word' id='word_1_98' title='bbox 498 1789 582 1857; x_wconf 93' lang='lat' dir='ltr'>belli</span> <span class='ocrx_word' id='word_1_99' title='bbox 604 1788 758 1856; x_wconf 87' lang='lat' dir='ltr'>adversus</span> <span class='ocrx_word' id='word_1_100' title='bbox 768 1787 968 1882; x_wconf 89' lang='lat' dir='ltr'>Philippum</span> <span class='ocrx_word' id='word_1_101' title='bbox 989 1791 1027 1854; x_wconf 92' lang='lat' dir='ltr'>in</span> <span class='ocrx_word' id='word_1_102' title='bbox 1038 1788 1182 1856; x_wconf 86' lang='lat' dir='ltr'>Thracia</span> <span class='ocrx_word' id='word_1_103' title='bbox 1197 1788 1304 1855; x_wconf 82' lang='lat' dir='ltr'>Cher-</span> 
     </span>
     <span class='ocr_line' id='line_1_15' title="bbox 261 1889 1302 1987; baseline -0.004 -23"><span class='ocrx_word' id='word_1_104' title='bbox 261 1913 447 1987; x_wconf 83' lang='lat' dir='ltr'>sonesoque</span> <span class='ocrx_word' id='word_1_105' title='bbox 493 1893 633 1984; x_wconf 86' lang='lat' dir='ltr'>gerendi</span> <span class='ocrx_word' id='word_1_106' title='bbox 663 1894 846 1986; x_wconf 88' lang='lat' dir='ltr'>imperium</span> <span class='ocrx_word' id='word_1_107' title='bbox 881 1889 1038 1960; x_wconf 90' lang='lat' dir='ltr'>detulisse</span> <span class='ocrx_word' id='word_1_108' title='bbox 1075 1915 1130 1961; x_wconf 89' lang='lat' dir='ltr'>eos</span> <span class='ocrx_word' id='word_1_109' title='bbox 1164 1894 1302 1961; x_wconf 87' lang='lat' dir='ltr'>omnino</span> 
     </span>
    </p>
   </div>
   <div class='ocr_carea' id='block_1_2' title="bbox 259 1996 1303 2194">
    <p class='ocr_par' dir='ltr' id='par_1_2' title="bbox 259 1996 1303 2194">
     <span class='ocr_line' id='line_1_16' title="bbox 259 1996 615 2094; baseline -0.008 -28"><span class='ocrx_word' id='word_1_110' title='bbox 259 1997 433 2094; x_wconf 84' lang='lat' dir='ltr'>probabile</span> <span class='ocrx_word' id='word_1_111' title='bbox 453 1996 615 2064; x_wconf 82' lang='lat' dir='ltr'>videatur.</span> 
     </span>
     <span class='ocr_line' id='line_1_17' title="bbox 271 2099 1303 2194; baseline -0.002 -26"><span class='ocrx_word' id='word_1_112' title='bbox 271 2147 279 2154; x_wconf 92' lang='lat'>-</span> <span class='ocrx_word' id='word_1_113' title='bbox 350 2104 466 2194; x_wconf 83' lang='lat' dir='ltr'>Itaque</span> <span class='ocrx_word' id='word_1_114' title='bbox 493 2103 523 2167; x_wconf 88' lang='lat' dir='ltr'>si</span> <span class='ocrx_word' id='word_1_115' title='bbox 550 2099 769 2174; x_wconf 80' lang='lat' dir='ltr'>Charidemus</span> <span class='ocrx_word' id='word_1_116' title='bbox 797 2099 931 2168; x_wconf 84' lang='lat' dir='ltr'>celeber</span> <span class='ocrx_word' id='word_1_117' title='bbox 955 2099 1219 2168; x_wconf 80' lang='lat' dir='ltr'>Demosdaeneae</span> <span class='ocrx_word' id='word_1_118' title='bbox 1246 2124 1303 2167; x_wconf 86' lang='lat' dir='ltr'>ae-</span> 
     </span>
    </p>
   </div>
   <div class='ocr_carea' id='block_1_3' title="bbox 260 2203 1302 2300">
    <p class='ocr_par' dir='ltr' id='par_1_3' title="bbox 260 2203 1302 2300">
     <span class='ocr_line' id='line_1_18' title="bbox 260 2203 1302 2300; baseline -0.001 -25"><span class='ocrx_word' id='word_1_119' title='bbox 260 2208 335 2275; x_wconf 82' lang='lat' dir='ltr'>tatis</span> <span class='ocrx_word' id='word_1_120' title='bbox 357 2204 427 2272; x_wconf 88' lang='lat' dir='ltr'>dux</span> <span class='ocrx_word' id='word_1_121' title='bbox 446 2203 714 2300; x_wconf 84' lang='lat' dir='ltr'>Atheniensium,</span> <span class='ocrx_word' id='word_1_122' title='bbox 738 2227 807 2272; x_wconf 89' lang='lat' dir='ltr'>non</span> <span class='ocrx_word' id='word_1_123' title='bbox 828 2203 977 2272; x_wconf 84' lang='lat' dir='ltr'>diversus</span> <span class='ocrx_word' id='word_1_124' title='bbox 994 2217 1044 2272; x_wconf 87' lang='lat' dir='ltr'>est</span> <span class='ocrx_word' id='word_1_125' title='bbox 1063 2229 1083 2269; x_wconf 89' lang='lat' dir='ltr'>a</span> <span class='ocrx_word' id='word_1_126' title='bbox 1099 2203 1302 2274; x_wconf 85' lang='lat' dir='ltr'>Charidemo</span> 
     </span>
    </p>
   </div>
   <div class='ocr_carea' id='block_1_4' title="bbox 143 2306 1303 2402">
    <p class='ocr_par' dir='ltr' id='par_1_4' title="bbox 143 2306 1303 2402">
     <span class='ocr_line' id='line_1_19' title="bbox 143 2306 1303 2402; baseline 0.002 -28"><span class='ocrx_word' id='word_1_127' title='bbox 143 2369 145 2374; x_wconf 90' lang='lat'><em>.</em></span> <span class='ocrx_word' id='word_1_128' title='bbox 260 2311 369 2394; x_wconf 88' lang='lat' dir='ltr'>Orita,</span> <span class='ocrx_word' id='word_1_129' title='bbox 392 2331 599 2402; x_wconf 88' lang='lat' dir='ltr'>consequens</span> <span class='ocrx_word' id='word_1_130' title='bbox 623 2325 681 2391; x_wconf 89' lang='lat' dir='ltr'>est,</span> <span class='ocrx_word' id='word_1_131' title='bbox 704 2327 742 2376; x_wconf 91' lang='lat' dir='ltr'>nt</span> <span class='ocrx_word' id='word_1_132' title='bbox 758 2307 915 2390; x_wconf 81' lang='lat' dir='ltr'>&#39;decreta,</span> <span class='ocrx_word' id='word_1_133' title='bbox 944 2306 1130 2401; x_wconf 83' lang='lat' dir='ltr'>dequibus</span> <span class='ocrx_word' id='word_1_134' title='bbox 1154 2307 1303 2401; x_wconf 86' lang='lat' dir='ltr'>disputa·</span> 
     </span>
    </p>
   </div>
   <div class='ocr_carea' id='block_1_5' title="bbox 238 2409 1305 3652">
    <p class='ocr_par' dir='ltr' id='par_1_5' title="bbox 238 2409 1305 3652">
     <span class='ocr_line' id='line_1_20' title="bbox 257 2409 1303 2497; baseline -0.003 -15"><span class='ocrx_word' id='word_1_135' title='bbox 257 2439 350 2497; x_wconf 83' lang='lat' dir='ltr'>mus,</span> <span class='ocrx_word' id='word_1_136' title='bbox 381 2413 425 2480; x_wconf 91' lang='lat' dir='ltr'>ad</span> <span class='ocrx_word' id='word_1_137' title='bbox 446 2410 503 2481; x_wconf 83' lang='lat' dir='ltr'>Ol.</span> <span class='ocrx_word' id='word_1_138' title='bbox 528 2409 641 2493; x_wconf 83' lang='lat' dir='ltr'>CVII,</span> <span class='ocrx_word' id='word_1_139' title='bbox 675 2437 695 2480; x_wconf 81' lang='lat' dir='ltr'>a</span> <span class='ocrx_word' id='word_1_140' title='bbox 724 2411 921 2480; x_wconf 82' lang='lat' dir='ltr'>reserantur.</span> <span class='ocrx_word' id='word_1_141' title='bbox 966 2411 1106 2480; x_wconf 86' lang='lat' dir='ltr'>Scilicet</span> <span class='ocrx_word' id='word_1_142' title='bbox 1135 2411 1303 2480; x_wconf 82' lang='lat' dir='ltr'>Charide-</span> 
     </span>
     <span class='ocr_line' id='line_1_21' title="bbox 257 2515 1302 2610; baseline -0.004 -24"><span class='ocrx_word' id='word_1_143' title='bbox 257 2543 333 2586; x_wconf 84' lang='lat' dir='ltr'>mus</span> <span class='ocrx_word' id='word_1_144' title='bbox 357 2517 470 2598; x_wconf 86' lang='lat' dir='ltr'>Orits,</span> <span class='ocrx_word' id='word_1_145' title='bbox 498 2533 678 2610; x_wconf 87' lang='lat' dir='ltr'>postquam</span> <span class='ocrx_word' id='word_1_146' title='bbox 702 2515 757 2584; x_wconf 83' lang='lat' dir='ltr'>Ol.</span> <span class='ocrx_word' id='word_1_147' title='bbox 782 2516 894 2599; x_wconf 89' lang='lat' dir='ltr'>CVII,</span> <span class='ocrx_word' id='word_1_148' title='bbox 927 2541 962 2598; x_wconf 84' lang='grc' dir='ltr'>ι,</span> <span class='ocrx_word' id='word_1_149' title='bbox 983 2516 1069 2584; x_wconf 86' lang='lat' dir='ltr'>faeta</span> <span class='ocrx_word' id='word_1_150' title='bbox 1089 2515 1240 2608; x_wconf 89' lang='lat' dir='ltr'>Philippi</span> <span class='ocrx_word' id='word_1_151' title='bbox 1263 2517 1302 2582; x_wconf 92' lang='lat' dir='ltr'>in</span> 
     </span>
     <span class='ocr_line' id='line_1_22' title="bbox 256 2619 1305 2712; baseline -0.004 -22"><span class='ocrx_word' id='word_1_152' title='bbox 256 2623 435 2690; x_wconf 81' lang='lat' dir='ltr'>&#39;lbraciam</span> <span class='ocrx_word' id='word_1_153' title='bbox 455 2621 686 2712; x_wconf 87' lang='lat' dir='ltr'>impressione,</span> <span class='ocrx_word' id='word_1_154' title='bbox 708 2621 857 2688; x_wconf 85' lang='lat' dir='ltr'>Athenas</span> <span class='ocrx_word' id='word_1_155' title='bbox 877 2621 1030 2703; x_wconf 85' lang='lat' dir='ltr'>venisset,</span> <span class='ocrx_word' id='word_1_156' title='bbox 1052 2619 1121 2688; x_wconf 86' lang='lat' dir='ltr'>dux</span> <span class='ocrx_word' id='word_1_157' title='bbox 1143 2619 1305 2700; x_wconf 79' lang='lat' dir='ltr'>ebAthe-</span> 
     </span>
     <span class='ocr_line' id='line_1_23' title="bbox 256 2723 1303 2794; baseline -0.002 -2"><span class='ocrx_word' id='word_1_158' title='bbox 256 2724 429 2792; x_wconf 87' lang='lat' dir='ltr'>niensibns</span> <span class='ocrx_word' id='word_1_159' title='bbox 458 2723 559 2790; x_wconf 88' lang='lat' dir='ltr'>simul</span> <span class='ocrx_word' id='word_1_160' title='bbox 588 2748 666 2790; x_wconf 92' lang='lat' dir='ltr'>cum</span> <span class='ocrx_word' id='word_1_161' title='bbox 694 2725 844 2794; x_wconf 90' lang='lat' dir='ltr'>Diotimo</span> <span class='ocrx_word' id='word_1_162' title='bbox 879 2742 1006 2792; x_wconf 86' lang='lat' dir='ltr'>creatus</span> <span class='ocrx_word' id='word_1_163' title='bbox 1036 2725 1079 2792; x_wconf 90' lang='lat' dir='ltr'>sit</span> <span class='ocrx_word' id='word_1_164' title='bbox 1105 2725 1143 2790; x_wconf 90' lang='lat' dir='ltr'>in</span> <span class='ocrx_word' id='word_1_165' title='bbox 1171 2748 1303 2790; x_wconf 86' lang='lat' dir='ltr'>aunum</span> 
     </span>
     <span class='ocr_line' id='line_1_24' title="bbox 238 2825 1303 2922; baseline 0 -27"><span class='ocrx_word' id='word_1_166' title='bbox 238 2846 464 2922; x_wconf 76' lang='lat' dir='ltr'>sequentem,</span> <span class='ocrx_word' id='word_1_167' title='bbox 488 2826 544 2911; x_wconf 81' lang='lat' dir='ltr'>Ol.</span> <span class='ocrx_word' id='word_1_168' title='bbox 570 2827 684 2909; x_wconf 87' lang='lat' dir='ltr'>CVII,</span> <span class='ocrx_word' id='word_1_169' title='bbox 715 2852 754 2909; x_wconf 81' lang='lat' dir='ltr'>a,</span> <span class='ocrx_word' id='word_1_170' title='bbox 778 2853 845 2920; x_wconf 87' lang='lat' dir='ltr'>quo</span> <span class='ocrx_word' id='word_1_171' title='bbox 867 2831 1007 2896; x_wconf 89' lang='lat' dir='ltr'>ineunte</span> <span class='ocrx_word' id='word_1_172' title='bbox 1037 2830 1076 2895; x_wconf 93' lang='lat' dir='ltr'>in</span> <span class='ocrx_word' id='word_1_173' title='bbox 1098 2825 1303 2896; x_wconf 88' lang='lat' dir='ltr'>Salaminem</span> 
     </span>
     <span class='ocr_line' id='line_1_25' title="bbox 256 2929 1304 3026; baseline 0.001 -28"><span class='ocrx_word' id='word_1_174' title='bbox 256 2957 276 2998; x_wconf 89' lang='lat' dir='ltr'>a</span> <span class='ocrx_word' id='word_1_175' title='bbox 303 2932 555 3026; x_wconf 84' lang='lat' dir='ltr'>Megarensibus</span> <span class='ocrx_word' id='word_1_176' title='bbox 585 2929 773 3001; x_wconf 77' lang='lat' dir='ltr'>infestatam</span> <span class='ocrx_word' id='word_1_177' title='bbox 800 2933 937 3015; x_wconf 86' lang='lat' dir='ltr'>missus,</span> <span class='ocrx_word' id='word_1_178' title='bbox 976 2931 1103 3014; x_wconf 91' lang='lat' dir='ltr'>hostes,</span> <span class='ocrx_word' id='word_1_179' title='bbox 1140 2931 1235 3024; x_wconf 89' lang='lat' dir='ltr'>quod</span> <span class='ocrx_word' id='word_1_180' title='bbox 1263 2934 1304 3000; x_wconf 91' lang='lat' dir='ltr'>in</span> 
     </span>
     <span class='ocr_line' id='line_1_26' title="bbox 256 3025 1302 3130; baseline -0.002 -24"><span class='ocrx_word' id='word_1_181' title='bbox 256 3035 391 3106; x_wconf 87' lang='lat' dir='ltr'>decreto</span> <span class='ocrx_word' id='word_1_182' title='bbox 413 3053 579 3114; x_wconf 86' lang='lat' dir='ltr'>narratur,</span> <span class='ocrx_word' id='word_1_183' title='bbox 602 3037 735 3108; x_wconf 82' lang='lat' dir='ltr'>armetis</span> <span class='ocrx_word' id='word_1_184' title='bbox 756 3039 896 3130; x_wconf 86' lang='lat' dir='ltr'>proprio</span> <span class='ocrx_word' id='word_1_185' title='bbox 930 3052 1066 3128; x_wconf 88' lang='lat' dir='ltr'>sumptu</span> <span class='ocrx_word' id='word_1_186' title='bbox 1097 3025 1302 3127; x_wconf 83' lang='lat' dir='ltr'>octingentis</span> 
     </span>
     <span class='ocr_line' id='line_1_27' title="bbox 254 3137 1302 3234; baseline 0.001 -27"><span class='ocrx_word' id='word_1_187' title='bbox 254 3141 457 3223; x_wconf 85' lang='lat' dir='ltr'>iuvenibus,</span> <span class='ocrx_word' id='word_1_188' title='bbox 475 3140 660 3233; x_wconf 75' lang='lat' dir='ltr'>depulerit,</span> <span class='ocrx_word' id='word_1_189' title='bbox 691 3164 758 3234; x_wconf 83' lang='lat' dir='ltr'>quo</span> <span class='ocrx_word' id='word_1_190' title='bbox 779 3141 884 3223; x_wconf 83' lang='lat' dir='ltr'>iacto,</span> <span class='ocrx_word' id='word_1_191' title='bbox 912 3141 1081 3233; x_wconf 82' lang='lat' dir='ltr'>Mysteriis</span> <span class='ocrx_word' id='word_1_192' title='bbox 1112 3137 1302 3224; x_wconf 83' lang='lat' dir='ltr'>celebratis,</span> 
     </span>
     <span class='ocr_line' id='line_1_28' title="bbox 254 3242 1302 3337; baseline -0.005 -23"><span class='ocrx_word' id='word_1_193' title='bbox 254 3245 293 3314; x_wconf 88' lang='lat' dir='ltr'>in</span> <span class='ocrx_word' id='word_1_194' title='bbox 316 3243 564 3312; x_wconf 82' lang='lat' dir='ltr'>Chersonesum</span> <span class='ocrx_word' id='word_1_195' title='bbox 584 3242 712 3337; x_wconf 87' lang='lat' dir='ltr'>legatus</span> <span class='ocrx_word' id='word_1_196' title='bbox 733 3245 777 3313; x_wconf 90' lang='lat' dir='ltr'>sit</span> <span class='ocrx_word' id='word_1_197' title='bbox 787 3245 1031 3314; x_wconf 89' lang='lat' dir='ltr'>Boedromione</span> <span class='ocrx_word' id='word_1_198' title='bbox 1041 3267 1166 3325; x_wconf 91' lang='lat' dir='ltr'>mense,</span> <span class='ocrx_word' id='word_1_199' title='bbox 1190 3267 1302 3337; x_wconf 88' lang='lat' dir='ltr'>quum</span> 
     </span>
     <span class='ocr_line' id='line_1_29' title="bbox 254 3345 1302 3430; baseline -0.004 -14"><span class='ocrx_word' id='word_1_200' title='bbox 254 3346 354 3416; x_wconf 88' lang='lat' dir='ltr'>simul</span> <span class='ocrx_word' id='word_1_201' title='bbox 376 3346 485 3416; x_wconf 84' lang='lat' dir='ltr'>Callia</span> <span class='ocrx_word' id='word_1_202' title='bbox 506 3367 639 3418; x_wconf 87' lang='lat' dir='ltr'>auctore</span> <span class='ocrx_word' id='word_1_203' title='bbox 662 3349 693 3416; x_wconf 89' lang='lat' dir='ltr'>ei</span> <span class='ocrx_word' id='word_1_204' title='bbox 714 3366 747 3416; x_wconf 92' lang='lat' dir='ltr'>et</span> <span class='ocrx_word' id='word_1_205' title='bbox 770 3349 919 3418; x_wconf 88' lang='lat' dir='ltr'>Diotimo</span> <span class='ocrx_word' id='word_1_206' title='bbox 942 3373 1065 3418; x_wconf 86' lang='lat' dir='ltr'>corona</span> <span class='ocrx_word' id='word_1_207' title='bbox 1088 3345 1220 3415; x_wconf 86' lang='lat' dir='ltr'>decreta</span> <span class='ocrx_word' id='word_1_208' title='bbox 1243 3347 1302 3430; x_wconf 90' lang='lat' dir='ltr'>sit,</span> 
     </span>
     <span class='ocr_line' id='line_1_30' title="bbox 251 3451 1303 3546; baseline -0.003 -24"><span class='ocrx_word' id='word_1_209' title='bbox 251 3453 459 3546; x_wconf 80' lang='lat' dir='ltr'>insequentis</span> <span class='ocrx_word' id='word_1_210' title='bbox 486 3454 584 3534; x_wconf 92' lang='lat' dir='ltr'>anni,</span> <span class='ocrx_word' id='word_1_211' title='bbox 618 3452 807 3535; x_wconf 86' lang='lat' dir='ltr'>Ol..CVIl,</span> <span class='ocrx_word' id='word_1_212' title='bbox 830 3455 868 3536; x_wconf 85' lang='lat'>3,</span> <span class='ocrx_word' id='word_1_213' title='bbox 891 3453 1128 3521; x_wconf 86' lang='lat' dir='ltr'>Panathenaeis</span> <span class='ocrx_word' id='word_1_214' title='bbox 1158 3467 1192 3519; x_wconf 87' lang='lat' dir='ltr'>et</span> <span class='ocrx_word' id='word_1_215' title='bbox 1212 3451 1303 3519; x_wconf 90' lang='lat' dir='ltr'>Dio-</span> 
     </span>
     <span class='ocr_line' id='line_1_31' title="bbox 251 3555 1303 3652; baseline -0.002 -28"><span class='ocrx_word' id='word_1_216' title='bbox 251 3558 355 3652; x_wconf 77' lang='lat' dir='ltr'>nysiis</span> <span class='ocrx_word' id='word_1_217' title='bbox 376 3555 602 3650; x_wconf 86' lang='lat' dir='ltr'>praedicanda</span> <span class='ocrx_word' id='word_1_218' title='bbox 624 3557 666 3626; x_wconf 91' lang='lat' dir='ltr'>ob</span> <span class='ocrx_word' id='word_1_219' title='bbox 695 3557 900 3626; x_wconf 88' lang='lat' dir='ltr'>beneficium</span> <span class='ocrx_word' id='word_1_220' title='bbox 929 3557 1126 3651; x_wconf 84' lang='lat' dir='ltr'>nuperrime</span> <span class='ocrx_word' id='word_1_221' title='bbox 1154 3557 1192 3622; x_wconf 93' lang='lat' dir='ltr'>in</span> <span class='ocrx_word' id='word_1_222' title='bbox 1212 3556 1303 3623; x_wconf 81' lang='lat' dir='ltr'>eivi-</span> 
     </span>
    </p>
   </div>
   <div class='ocr_carea' id='block_1_6' title="bbox 202 3733 1302 4171">
    <p class='ocr_par' dir='ltr' id='par_1_6' title="bbox 202 3733 1302 4082">
     <span class='ocr_line' id='line_1_32' title="bbox 295 3733 1300 3826; baseline -0.008 -26"><span class='ocrx_word' id='word_1_223' title='bbox 295 3733 322 3826; x_wconf 78' lang='lat'>&#39;)</span> <span class='ocrx_word' id='word_1_224' title='bbox 343 3741 389 3800; x_wconf 90' lang='lat' dir='ltr'>Eo</span> <span class='ocrx_word' id='word_1_225' title='bbox 411 3739 546 3799; x_wconf 87' lang='lat' dir='ltr'>nimirum</span> <span class='ocrx_word' id='word_1_226' title='bbox 566 3751 698 3821; x_wconf 87' lang='lat' dir='ltr'>tempore</span> <span class='ocrx_word' id='word_1_227' title='bbox 721 3735 930 3820; x_wconf 87' lang='lat' dir='ltr'>Cersobleptes</span> <span class='ocrx_word' id='word_1_228' title='bbox 952 3750 1105 3820; x_wconf 83' lang='lat' dir='ltr'>superatus</span> <span class='ocrx_word' id='word_1_229' title='bbox 1134 3757 1200 3795; x_wconf 89' lang='lat' dir='ltr'>cum</span> <span class='ocrx_word' id='word_1_230' title='bbox 1222 3734 1300 3794; x_wconf 91' lang='lat' dir='ltr'>Phi·</span> 
     </span>
     <span class='ocr_line' id='line_1_33' title="bbox 202 3819 1300 3909; baseline -0.005 -22"><span class='ocrx_word' id='word_1_231' title='bbox 202 3849 204 3854; x_wconf 92' lang='lat'>·</span> <span class='ocrx_word' id='word_1_232' title='bbox 337 3825 420 3908; x_wconf 91' lang='lat' dir='ltr'>lippo</span> <span class='ocrx_word' id='word_1_233' title='bbox 442 3840 544 3909; x_wconf 86' lang='lat' dir='ltr'>pactus</span> <span class='ocrx_word' id='word_1_234' title='bbox 566 3840 609 3886; x_wconf 89' lang='lat' dir='ltr'>est</span> <span class='ocrx_word' id='word_1_235' title='bbox 631 3826 689 3885; x_wconf 88' lang='lat' dir='ltr'>lilio</span> <span class='ocrx_word' id='word_1_236' title='bbox 720 3823 823 3886; x_wconf 87' lang='lat' dir='ltr'>obside</span> <span class='ocrx_word' id='word_1_237' title='bbox 846 3823 931 3900; x_wconf 88' lang='lat' dir='ltr'>dato,</span> <span class='ocrx_word' id='word_1_238' title='bbox 961 3845 1050 3908; x_wconf 88' lang='lat' dir='ltr'>quem</span> <span class='ocrx_word' id='word_1_239' title='bbox 1073 3819 1121 3884; x_wconf 90' lang='lat' dir='ltr'>Ol.</span> <span class='ocrx_word' id='word_1_240' title='bbox 1144 3819 1252 3897; x_wconf 84' lang='lat' dir='ltr'>CVIII,</span> <span class='ocrx_word' id='word_1_241' title='bbox 1278 3837 1300 3882; x_wconf 81' lang='lat'><em>2</em></span> 
     </span>
     <span class='ocr_line' id='line_1_34' title="bbox 265 3910 1302 3996; baseline -0.007 -24"><span class='ocrx_word' id='word_1_242' title='bbox 265 3921 288 3984; x_wconf 18' lang='grc' dir='ltr'>’λ</span> <span class='ocrx_word' id='word_1_243' title='bbox 337 3912 436 3973; x_wconf 87' lang='lat' dir='ltr'>Pellae</span> <span class='ocrx_word' id='word_1_244' title='bbox 458 3927 617 3973; x_wconf 80' lang='lat' dir='ltr'>versantem</span> <span class='ocrx_word' id='word_1_245' title='bbox 637 3912 723 3996; x_wconf 82' lang='lat' dir='ltr'>legati</span> <span class='ocrx_word' id='word_1_246' title='bbox 749 3910 966 3974; x_wconf 84' lang='lat' dir='ltr'>Atheniensium</span> <span class='ocrx_word' id='word_1_247' title='bbox 995 3911 1178 3984; x_wconf 83' lang='lat' dir='ltr'>invenerunt,</span> <span class='ocrx_word' id='word_1_248' title='bbox 1201 3917 1302 3990; x_wconf 84' lang='lat' dir='ltr'>quum</span> 
     </span>
     <span class='ocr_line' id='line_1_35' title="bbox 337 3994 1300 4082; baseline -0.006 -23"><span class='ocrx_word' id='word_1_249' title='bbox 337 3997 491 4082; x_wconf 82' lang='lat' dir='ltr'>Philippus</span> <span class='ocrx_word' id='word_1_250' title='bbox 518 4019 620 4061; x_wconf 78' lang='lat' dir='ltr'>novam</span> <span class='ocrx_word' id='word_1_251' title='bbox 649 3999 787 4060; x_wconf 86' lang='lat' dir='ltr'>adversus</span> <span class='ocrx_word' id='word_1_252' title='bbox 820 3995 1041 4082; x_wconf 74' lang='lat' dir='ltr'>Cemobleptem</span> <span class='ocrx_word' id='word_1_253' title='bbox 1076 3994 1300 4080; x_wconf 82' lang='lat' dir='ltr'>impressionem</span> 
     </span>
    </p>

    <p class='ocr_par' dir='ltr' id='par_1_7' title="bbox 263 4079 1251 4171">
     <span class='ocr_line' id='line_1_36' title="bbox 263 4079 1251 4171; baseline -0.015 -20"><span class='ocrx_word' id='word_1_254' title='bbox 263 4121 267 4128; x_wconf 88' lang='grc'><em>·</em></span> <span class='ocrx_word' id='word_1_255' title='bbox 335 4085 538 4171; x_wconf 60' lang='grc' dir='ltr'>συδθίρίοΙιιῑ,Ι</span> <span class='ocrx_word' id='word_1_256' title='bbox 562 4083 602 4148; x_wconf 84' lang='lat' dir='ltr'>V.</span> <span class='ocrx_word' id='word_1_257' title='bbox 623 4089 713 4169; x_wconf 74' lang='lat' dir='ltr'>supin</span> <span class='ocrx_word' id='word_1_258' title='bbox 733 4107 797 4169; x_wconf 83' lang='lat' dir='ltr'>cap.</span> <span class='ocrx_word' id='word_1_259' title='bbox 819 4082 873 4164; x_wconf 85' lang='lat' dir='ltr'>IV,</span> <span class='ocrx_word' id='word_1_260' title='bbox 898 4105 928 4145; x_wconf 78' lang='lat' dir='ltr'>s.</span> <span class='ocrx_word' id='word_1_261' title='bbox 947 4106 980 4167; x_wconf 82' lang='lat' dir='ltr'>p.</span> <span class='ocrx_word' id='word_1_262' title='bbox 1006 4079 1075 4154; x_wconf 72' lang='lat' dir='ltr'>ssd.</span> <span class='ocrx_word' id='word_1_263' title='bbox 1248 4127 1251 4136; x_wconf 22' lang='grc' dir='ltr'><strong><em>Δ</em></strong></span> 
     </span>
    </p>
   </div>
   <div class='ocr_carea' id='block_1_7' title="bbox 0 0 1374 4774">
    <p class='ocr_par' dir='ltr' id='par_1_8' title="bbox 0 0 1374 4774">
     <span class='ocr_line' id='line_1_37' title="bbox 0 0 1374 4774; baseline 0 5"><span class='ocrx_word' id='word_1_264' title='bbox 0 0 1374 4774; x_wconf 95' lang='lat' dir='ltr'> </span> 
     </span>
    </p>
   </div>
  </div>
 </body>
</html>
