2750 4772
717 285 875 392 gar-

278 472 375 525 tuum
396 449 596 520 bellicorum
623 452 661 518 in
689 452 747 520 tali
780 475 895 520 rerum
924 439 1172 546 opportunitate
1200 438 1312 519 ueces-

179 620 182 626 .
277 563 355 628 sitas
383 556 510 624 adver
538 579 645 648 usqne
665 553 871 650 produxerit
924 555 1027 640 Quod
1053 571 1164 622 autem
1193 553 1236 621 ad
1262 579 1312 624 so-
1352 563 1353 570 ’

276 665 345 731 cios
375 659 675 752 Peloponnesiacos
711 661 844 739 attinet,
879 683 935 726 cos
965 663 1102 728 omnino
1131 659 1312 727 verisimile

276 785 325 834 est
352 767 484 847 minus,
517 786 619 856 quam
644 779 792 857 speraret
819 762 1013 858 Philippus,
1044 761 1087 830 ad
1114 762 1314 858 obsequium

274 887 406 963 paratos
428 892 464 934 se
484 870 703 960 praestitisse,
727 893 785 934 seu
812 867 1071 936 Atheniensium
1100 870 1237 936 monitis
1259 891 1314 936 co-

216 994 219 998 ·
274 973 422 1053 hihitos,
455 997 513 1038 seu
540 974 680 1065 propria
709 970 856 1064 quadam
877 971 1037 1041 socordia.
1080 969 1136 1038 ttli
1158 972 1249 1039 enim
1271 995 1314 1038 ne

277 1095 387 1146 exorto
411 1075 548 1168 quidem
569 1077 636 1141 iam
661 1074 751 1143 bello
781 1074 933 1170 opitulati
963 1075 1123 1170 Philippo
1144 1075 1313 1156 ridentur,

275 1181 314 1248 id
336 1179 429 1274 qood
451 1181 522 1245 iure
553 1178 775 1248 concludi'ex
806 1181 944 1274 epistola
973 1198 1098 1274 potest,
1126 1204 1227 1273 quam
1255 1179 1313 1246 Ol.

277 1285 351 1368 CX,
374 1273 396 1354 3'
417 1308 530 1350 mense
549 1284 844 1367 Hecatombaeoue,
867 1302 1046 1376 postquam
1061 1285 1229 1378 prioribus
1249 1309 1314 1376 pu·
1344 1339 1347 1358 ,

272 1392 349 1482 <gnis
373 1386 497 1455 duabus
521 1386 655 1455 adversa
677 1389 809 1455 fortuna
833 1389 1034 1465 conflixerat,
1057 1387 1247 1482 indignatus
1272 1385 1314 1454 ad

276 1517 332 1562 cos
350 1493 451 1560 misit.
495 1491 537 1559 V.
561 1493 658 1558 Deru.
678 1490 720 1558 de
743 1515 812 1559 cor.
833 1517 867 1584 p.
885 1493 944 1560 301
973 1488 1046 1558 coll.
1069 1493 1149 1573 302,
1173 1508 1206 1560 'et
1228 1515 1314 1586 quac

274 1621 336 1668 nos
379 1595 467 1664 iufra
515 1594 557 1660 de
597 1593 737 1688 epistola
779 1595 842 1663 hac
875 1594 1093 1662 disseremus.
1140 1633 1183 1648 —-
1224 1595 1316 1663 Haec

275 1700 413 1795 quidem
443 1701 557 1766 omnia
586 1699 826 1767 Demosthenes
855 1697 945 1765 nihil
978 1700 1100 1791 tangit,
1137 1703 1242 1768 immo
1279 1727 1314 1794 p.

274 1809 349 1896 278.
379 1821 559 1898 postquam
593 1802 775 1903 Philippus¹
815 1803 900 1869 belli
944 1801 1011 1870 dux
1049 1821 1132 1870 esset
1174 1821 1315 1888 creatus,

274 1909 406 1992 edeta,
438 1909 497 1989 ait,
527 1906 658 1992 direpto
679 1909 828 2002 σνλλίξας
853 1909 903 1974 καὶ
932 1908 1101 1996 παρελθὼν
1122 1904 1165 1984 ὥς
1186 1910 1234 1974 ἐπὶ
1256 1907 1317 1995 τὴν

274 2014 432 2103 Κνῤῥαίαν
451 2047 495 2064 -—
517 2010 576 2097 τὴν
593 2011 753 2078 Ἐλάτειαν
774 2009 1015 2094 καταλαμβάνει,
1039 2001 1166 2079 seilicet
1187 2028 1225 2078 ut
1245 2010 1316 2092 hic,

273 2117 335 2182 ubi
367 2113 543 2180 Aeschinis
577 2112 676 2206 culpa
703 2113 962 2182 demonstranda
990 2132 1074 2197 erat,
1104 2137 1143 2184 eo
1182 2116 1316 2208 gravius

180 2259 193 2273 ι
274 2215 470 2312 periculum,
493 2215 613 2285 abillo
637 2219 825 2300 cxcitatum,
848 2237 1034 2312 appareret,
1057 2219 1150 2314 quod
1171 2237 1239 2286 tam
1261 2244 1317 2286 re·

274 2324 413 2416 pontino
435 2321 474 2392 in
495 2345 568 2387 rem
589 2320 764 2414 publicam
796 2325 953 2390 irruisset.
1000 2325 1108 2418 Magis
1138 2340 1249 2392 tamen
1271 2323 1316 2390 ad

272 2429 443 2496 veritatem
464 2449 499 2517 p.
522 2428 602 2494 282:
624 2425 681 2493 τὸν
702 2429 734 2497 ἐν
758 2426 915 2518 Ἀμφίσσῃ
945 2428 1096 2513 πόλεμον,
1121 2431 1177 2510 ait,
1199 2429 1315 2496 τούτου

272 2533 330 2616 μὲν
350 2529 552 2616 ποιησαντος,
584 2533 865 2617 συμπεραναμένων
890 2533 925 2598 δὲ
945 2531 1017 2599 τῶν
1030 2533 1132 2599 ἄλλων
1152 2539 1217 2599 τῶν
1238 2557 1316 2600 ουν-

273 2640 371 2722 royda
403 2631 488 2722 αὐτῷ
523 2630 583 2717 τὴν
609 2632 689 2720 πρὸς
719 2634 795 2711 τοὺς
831 2637 992 2722 Θηβαίους
1024 2637 1159 2725 ἔχθραν,
1198 2640 1314 2724 συνέβη

273 2749 331 2806 τόν
353 2737 508 2804 Φίλιππον
525 2737 632 2802 ἐλθεῖν
652 2734 814 2824 ἐφ’λῆμᾶς,
839 2779 883 2794 —
903 2742 954 2806 καὶ
976 2742 1009 2806 εἴ
1028 2739 1078 2827 μὴ
1102 2743 1314 2828 προεξανί-

230 2933 232 2936 ·
274 2865 415 2928 ατημεν
436 2837 609 2926 σμικρόν,
634 2839 701 2905 οὐδ’
715 2840 1026 2936 ἄναλαβεῒνέαντοὺς
1047 2843 1087 2911 ἂν
1107 2843 1313 2930 ἐδυνήθημεν.

361 2940 672 3035 ItaquePhilippus,
683 2936 864 3036 postquam
871 2971 934 3039 per
948 2946 1105 3029 hiemem,
1119 2966 1156 3015 ut
1170 2948 1313 3030 videtur,

155 3107 166 3124 ,
272 3048 374 3141 magis
402 3069 473 3112 sese
501 3064 690 3139 paraverat,
720 3048 886 3116 Thessalis
912 3052 1048 3120 interim
1066 3049 1315 3120 allectis'fher-

271 3150 421 3247 mopylas
442 3136 705 3243 Elaphebolione
734 3151 786 3220 nil
808 3153 988 3246 impeditus
1021 3157 1161 3237 traiecit,
1184 3157 1314 3250 quippe

273 3256 365 3350 quod
387 3279 441 3322 eas
469 3253 699 3322 iamdudum
725 3279 789 3348 per
810 3259 1030 3326 mercenarios
1059 3277 1233 3352 occupatas
1264 3278 1314 3328 te-

272 3377 368 3428 neret
395 3366 436 3442 (v.
464 3357 501 3424 ll.
521 3359 577 3426 oc.
600 3382 671 3450 cap.
695 3361 738 3441 11,
759 3359 812 3449 6),
842 3362 1064 3430 Athenienses
1092 3382 1205 3431 antem
1226 3388 1314 3456 quo-

271 3460 446 3534 minusad
468 3486 521 3539 eas
550 3483 651 3554 opem
672 3459 833 3532 contiuuo
862 3465 1005 3549 ferrent,
1034 3491 1236 3562 perpacem
1258 3471 1315 3535 in-

272 3586 372 3638 eunte
398 3589 500 3635 anno·
519 3565 738 3658 compositam
763 3561 1020 3661 impedirentur.
1073 3573 1313 3668 Thermopylis

167 3749 170 3758 ¹
272 3673 417 3740 traiectis
447 3693 511 3764 per
544 3669 670 3738 Locros
704 3671 954 3762 Epicnemidios
988 3697 1101 3743 versus
1136 3677 1313 3744 Cnemidis

271 3773 435 3867 angustias
457 3769 645 3867 urbemque
667 3773 815 3841 Elateam
843 3777 1055 3870 procedebat.
1100 3780 1170 3848 Sed
1191 3804 1313 3875 proee-

270 3877 405 3946 deutem
427 3899 614 3970 omnesque
631 3875 775 3971 regionis
808 3879 1045 3965 huius-urbes,
1063 3873 1162 3977 ‘quae
1189 3903 1311 3977 sponte

270 3981 476 4050 deditionem
502 3983 611 4049 facere
652 3977 842 4064 noluerint,
873 4006 1094 4078 occupantem
1111 3989 1311 4064 'Athenien-

268 4109 319 4155 ses
340 4081 756 4204 cohihentp'er(legatos,¹
773 4087 973 4162 erdeorcto
996 4092 1022 4161 1:
1032 4142 1043 4176 ,
1068 4079 1310 4188 ‘Elaphebolia-
