2750 4772
750 317 821 392 252

706 409 866 432 —a—n-

265 486 625 572 mauvaisinile
651 502 710 561 est
754 491 932 586 iidemque
958 499 1298 591 nepmceuquidem

265 591 311 662 od
331 592 416 662 duas
436 593 514 662 illas
532 619 664 688 pugnas
683 593 903 666 advenerunt.
947 598 1009 672 llis
1035 601 1299 682 enim'commis-

264 699 311 766 sie
331 697 513 794 Philippus
533 724 634 769 nevas
666 701 705 770 in
725 700 995 796 Peloponnesum
1021 704 1175 798 epistolas
1202 710 1301 792 misit,

265 801 483 898 querelarum
514 821 550 872 et
568 804 831 899 opprobriorum
849 808 978 901 plenas,
1000 827 1039 878 ut
1059 833 1100 880 ex
1120 812 1297 906 iisliqnet,

264 907 418 1002 quaene
438 929 633 1005 argumento
661 935 775 978 earnm
795 912 1036 984 Demosthenes
1063 913 1148 984 dicit
1167 915 1245 993 l.·'‚c.
1265 941 1296 1012 p·.

262 1013 338 1083 301.
380 1015 500 1084 Postea
520 1037 577 1083 eos
598 1040 837 1110 appropensse
857 1037 997 1112 propter
1012 1021 1120 1112 ipsam
1139 1023 1297 1118 temporis

148 1181 152 1190 .
262 1120 450 1213 angutiam
483 1143 557 1188 non
588 1137 640 1188 est
672 1121 863 1191 verisimile.
907 1121 1015 1205 ,Eleos
1046 1141 1136 1214 certe
1166 1151 1296 1220 pugnae

262 1223 492 1294 Chaeronensi
524 1226 663 1295 omniuo
682 1233 766 1294 'non
798 1227 1003 1310 interfuisse,
1041 1230 1218 1298 Pausanias
1245 1231 1298 1298 -di-

260 1347 347 1397 succe
368 1328 473 1398 uadit
493 1330 552 1421 (V,
574 1330 618 1418 4⁴),
640 1331 768 1424 qnippe
790 1331 883 1423 quod
904 1332 1056 1402 adversus
1080 1335 1225 1405 Graecos
1250 1336 1297 1406 di·

258 1434 384 1502 micare
405 1433 585 1504 noluerint.
629 1436 659 1502 E
684 1435 820 1503 Graecis
842 1439 947 1530 igitur
972 1451 1105 1530 praeter
1124 1439 1296 1509 Thessalos

259 1553 293 1606 et
324 1537 480 1622 Aetolos,
519 1563 604 1633 quos
636 1541 701 1609 sibi
727 1541 921 1634 Philippus
941 1561 1019 1612 ante
1051 1543 1295 1628 conciliaverat,

256 1643 348 1722 nulli
369 1641 413 1712 ad
436 1645 666 1714 Chaeroneam
688 1646 721 1712 ei
742 1645 887 1714 auxiliati
902 1647 1149 1718 videnturesse.
1192 1651 1297 1717 Athe-

257 1749 393 1820 nienses
420 1767 537 1819 contra
565 1773 646 1818 cum
667 1751 836 1817 Thebanis
863 1755 1066 1822 consociatos
1096 1751 1295 1824 adiuvabant

256 1855 299 1924 in‘
332 1857 455 1949 primis
497 1855 682 1938 Corinthii,
716 1855 879 1925 Strabone
907 1874 989 1924 teste
1013 1856 1035 1928 l.
1064 1857 1129 1940 IX,
1163 1883 1236 1952 cap.
1260 1869 1294 1928 a.

256 1978 357 2043 extr„
381 1978 415 2029 et
434 1961 639 2044 Phocenses,
663 1961 724 2054 qui
751 1961 889 2028 interim
912 1962 1136 2047 revaluerunt,
1160 1980 1293 2032 anctore

252 2066 420 2133 Pausania
463 2067 514 2149 X,
552 2068 588 2150 33
628 2065 879 2134 Demoahenes.
911 2067 1121 2136 Euboeenses
1168 2058 1292 2152 laudat,

251 2169 422 2253 Achaeos,
453 2169 663 2253 Corinthios,
686 2170 881 2252 Thebanos,
911 2169 1142 2264 Megarenses,
1168 2174 1291 2245 Leuca·

251 2274 337 2359 dios,
360 2275 578 2372 Corcyraeos,
600 2300 621 2342 a
642 2274 763 2368 quibus
786 2276 951 2357 omnihus,
973 2301 1032 2345 suo
1047 2276 1156 2347 studio
1180 2277 1221 2346 ad
1240 2305 1289 2350 so-

250 2381 405 2450 cietatem
426 2382 550 2464 accitis,
572 2381 856 2450 mercenariorum
869 2379 1064 2474 quindecim
1074 2380 1183 2448 millia
1205 2380 1286 2449 duo-

252 2510 320 2579 que
360 2488 515 2580 equitum
549 2485 810 2554 Atheniensibus
826 2551 831 2562 ,
847 2502 1035 2578 comparata
1064 2486 1193 2554 luerint
1230 2485 1285 2576 (de

251 2615 320 2660 cor.
343 2591 490 2684 paloss),
513 2614 658 2685 quorum
668 2592 836 2683 proximos
859 2609 959 2672 certe,
980 2591 1140 2676 Achaeos,
1163 2590 1285 2662 Corin-

248 2695 348 2777 thios,
371 2696 584 2790 Megarenses
605 2695 649 2762 ad
668 2719 817 2787 pugnam
831 2695 1098 2764 Chaeronensem
1120 2693 1283 2765 advolasse
1352 2717 1353 2722 ¹

246 2817 507 2869 consentaneum
530 2819 579 2868 est
599 2799 653 2884 (cl.
677 2824 727 2892 sq.
750 2798 889 2889 adnot).
933 2802 1040 2886 Quam
1052 2802 1095 2869 oh
1112 2825 1183 2868 rem
1199 2801 1282 2868 Dio-

246 2901 348 2976 dorus
378 2905 494 2996 (XVI,
521 2906 578 2994 84)
599 2903 679 2973 falso
707 2901 794 2974 solos
818 2903 994 2974 Thebanos
1023 2905 1067 2972 ad
1093 2905 1281 2974 societatem

244 3017 284 3080 ab
317 3011 578 3082 Atheniensibus
600 3011 753 3079 invitatos
779 3007 962 3096 contendit,
982 3012 1074 3105 quod
1095 3011 1138 3080 cb
1159 3035 1280 3104 repen·

242 3117 348 3186 tinum
358 3117 510 3214 Philippi
531 3117 787 3212 impressionem
799 3114 881 3184 olias
901 3117 1047 3186 civitates
1069 3115 1213 3184 adeundi
1229 3116 1278 3184 le-

242 3221 325 3316 getis
361 3225 468 3293 ouum
501 3221 669 3292 defecerit.
714 3219 836 3289 Melius
864 3222 1009 3290 lustinus
1030 3223 1102 3307 (IX,
1125 3225 1158 3306 3)
1183 3241 1277 3305 „mo-

241 3341 295 3396 tae
322 3327 487 3422 quaedam
509 3329 655 3398 civitates
677 3327 938 3395 Atheniensibus
956 3330 1158 3419 seiungunt,
1181 3352 1277 3421 quas-

241 3426 317 3504 uam
340 3447 452 3506 sutem
474 3431 517 3506 ud
538 3433 738 3530 Philippum
759 3430 839 3502 belli
861 3449 968 3502 metus
989 3432 1122 3502 naxic“

604 3741 916 3763 W

325 3964 401 4036 lim
431 3984 473 4038 au
503 3977 592 4040 series
620 3993 734 4048 rerum,
761 3989 838 4056 quae
868 3983 964 4050 genre
991 3979 1058 4026 suut
1078 3961 1145 4024 iude
1166 3986 1181 4024 a
1203 3983 1268 4022 vera

237 4059 355 4172 olm·
377 4070 446 4158 (ὅ,
470 4093 482 4144 l
510 4097 605 4167 noque
627 4075 664 4140 rel
687 4075 805 4158 Olymp.
829 4073 902 4151 CX,
930 4070 1200 4152 ihlmgitniooem
1221 4088 1268 4125 sc-

236 4177 365 4257 munaus,
385 4175 467 4246 aula
488 4179 684 4249 lllramouensi
707 4181 855 4264 insignem.
898 4175 931 4240 lu
958 4197 1017 4260 qua
1037 4173 1120 4258 quud
1138 4171 1176 4234 ul
1196 4187 1267 4230 tem-
