2694 4784
252 437 369 529 (XVI,
400 436 455 527 59)
477 435 594 521 refert,
625 452 664 504 ut
685 436 729 506 de
750 435 915 530 sacrilegii
932 459 1047 532 ¹poena
1069 439 1245 523 iudicaret,
1270 460 1301 510 et

251 559 360 636 aquo
383 541 506 608 Iactum
536 558 585 608 est
612 540 785 610 decretum
816 541 901 610 illud
924 543 1150 614 Phocensibus
1180 550 1301 616 exitio-

251 671 335 727 sum,
364 643 456 739 quod
486 643 577 710 idem
608 641 702 714 affert
722 647 834 731 (XVI,
867 648 932 730 60)
979 647 1086 740 quue
1116 647 1301 718 clarissime

101 795 114 826 .
250 755 323 844 ipse
346 753 445 816 etiam
469 749 650 816 Aeschines
674 748 789 832 docet,
824 776 931 843 quum
952 749 1122 819 advenisse
1145 753 1302 822 Phocen-
1337 809 1338 818 ,

249 857 336 920 sium
369 852 492 944 legatos
522 875 624 945 opem
650 853 716 920 sihi
750 856 788 920 in
816 879 912 922 causa
941 854 984 922 de
1014 855 1179 950 legatione
1210 858 1301 926 male

248 977 341 1050 gesto
367 955 492 1024 laturos
527 955 630 1040 dicet,
660 957 717 1036 silc
746 959 805 1044 ἐγὼ
833 959 892 1044 τὴν
922 963 1032 1048 τρίτην
1058 964 1227 1048 πρεσβείαν
1251 967 1300 1032 ἐπὶ

248 1055 324 1140 rods}
340 1061 569 1151 Ἀμφικτίονας
588 1061 768 1148 πρεσβεύων
790 1062 891 1130 ἔσωσα
914 1067 1051 1132 Οἰταίων
1077 1065 1298 1154 ἐγχειρούντων
1338 1107 1339 1116 2

238 1157 346 1254 -λίγείν
366 1163 411 1245 ὥς
431 1169 482 1234 δεῖ
499 1165 576 1242 τοὺς
594 1162 741 1250 ἡβῶντας
762 1165 861 1235 ὠθεῖν
881 1167 961 1236 κατὰ
983 1177 1041 1236 τοῦ
1061 1177 1221 1256 κρημνοῦ,
1245 1174 1297 1240 καὶ
1338 1179 1339 1224 ἐ

237 1267 430 1360 «παρήγαγον
451 1274 494 1347 είς
515 1270 594 1346 τοὺς·
612 1267 839 1358 Ἀμφικτίονας
870 1273 951 1340 ὥστε
979 1272 1150 1360 ἀπολογίας
1178 1288 1294 1360 τυχεῖν.

249 1376 274 1448 l,
297 1401 325 1444 c.
347 1400 381 1467 p.
408 1374 453 1464 '47
487 1376 563 1440 inin
587 1409 589 1420 ·
616 1375 728 1459 Quum
757 1391 866 1442 autem
888 1377 1071 1448 Aeschines
1092 1379 1185 1450 brevi
1199 1398 1295 1448 -tem-

246 1501 331 1576 pore
363 1498 440 1574 post
475 1475 628 1544 Philaeni
664 1496 801 1572 paetum
835 1481 1070 1574 nunciumque
1104 1507 1143 1549 ec
1180 1481 1229 1550 de
1257 1508 1292 1552 re
1339 1523 1340 1548 t

242 1579 395 1653 Athenas
425 1582 568 1660 allatum‘
584 1582 718 1674 ⁴legatus
746 1571 888 1660 Athenis
910 1587 1047 1669 obierit,
1069 1588 1288 1682 Amphictyo·

244 1713 328 1758 num
361 1687 448 1757 illud
475 1684 661 1756 concilium
691 1687 877 1759 consedisse
890 1706 1004 1781 spstet
1034 1712 1150 1756 mense
1181 1694 1297 1762 Meta-¹

245 1797 395 1888 gitnione
423 1811 480 1862 aut
509 1792 769 1877 Boedaumione,
798 1809 887 1861 certe
904 1795 1049 1866 «ineunte
1079 1817 1167 1863 enno
1190 1801 1292 1868 tertio

244 1899 382 1994 Olymp.
407 1899 530 1966 CVIII.
576 1898 799 1990 Itaquenune
821 1899 1082 1990 iamqueeritun
1104 1923 1193 1968 anne
1217 1920 1292 1972 tum
1340 1952 1341 1962 ,

239 2003 382 2070 'demum
403 2001 625 2069 Athenienses
654 1998 767 2094 fugam
797 2023 834 2068 ex
862 2003 949 2093 agris
969 2001 1208 2097 capessendam
1232 2006 1293 2074 de-

229 2108 426 2187 creverint,
450 2113 558 2198 quum
578 2127 615 2173 ex
637 2103 772 2173 decreto
800 2106 1087 2200 Amphictyonum
1107 2107 1289 2202 Philippus

242 2211 378 2280 diruere
406 2208 562 2278 Phocidis
591 2210 690 2277 nrbes
713 2212 888 2304 coepisset,
904 2275 905 2278 ,
921 2228 955 2278 et
984 2209 1155 2284 decretum
1181 2215 1288 2304 igitur

228 2316 459 2386 :Gellisthenis
481 2339 519 2383 re
540 2339 617 2383 vera
637 2338 753 2384 mense
776 2313 912 2384 demum
935 2315 1208 2390 Msemacterione
1229 2315 1282 2383 Ia-

98 2499 106 2510 ,
229 2443 315 2494 'nam
334 2424 387 2493 sit.
411 2420 660 2490 -Aeschines
681 2418 903 2490 Athenienses
931 2421 1125 2492 convexisse¹
1141 2417 1285 2514 impedi-

229 2536 352 2599 !menta
372 2553 410 2598 ex
432 2530 520 2622 a'gris
543 2524 637 2607 dicit,
661 2549 768 2617 quum
790 2524 863 2617 ipse
884 2525 951 2590 iem
968 2521 1169 2618 legationem
1190 2523 1287 2594 illam

113 2663 115 2670 ¹
227 2633 281 2706 -ud
325 2641 540 2704 communem
583 2629 875 2723 Amphictyonum
918 2647 1119 2696 conventum
1162 2630 1286 2712 obiret,

224 2738 507 2832 (ἔσκίοσγῶγησον
527 2736 560 2804 iis
581 2741 645 2804 τῶν
661 2735 767 2825 ἀγρῶν
782 2733 947 2820 Ἀθηναῖοι
960 2733 1186 2822 πρεσβεῦοντος
1208 2735 1286 2821 inci

224 2847 295 2934 ’τὴν
314 2846 425 2933 τρίτην
446 2841 513 2928 -ίὶείη
542 2842 709 2928 πρεσβείαν
735 2841 783 2908 ἐπί
811 2839 848 2908 τὸ
877 2837 981 2906 κοινὸν
1011 2845 1075 2907 τῶν
1090 2833 1237 2927 hippeus.
1260 2840 1283 2906 I.

231 2977 262 3020 c.
283 2949 378 3046 ρ.’46
399 2954 473 3033 m.);
496 2944 737 3040 Demosthenes
747 2946 860 3038 statim
869 2943 1080 3028 Aeschinem,
1098 2958 1279 3036 postquam
1300 2993 1304 3003 .

221 3054 400 3151 ¹Dercylns
420 3053 586 3138 nuncium
607 3047 703 3118 illum
725 3047 769 3116 de
795 3049 970 3142 inopinato
997 3071 1111 3116 rerum
1140 3069 1285 3132 conrec-

221 3159 495 3232 uione'Athenns
518 3156 693 3240 attulisset,
714 3154 971 3248 perturbatique
987 3151 1207 3242 Athenienses
1228 3154 1285 3220 fu-

221 3273 306 3364 ''gam
336 3289 378 3336 ex
408 3265 496 3362 agris
527 3278 753 3356 capesserent,
786 3257 829 3326 sd
851 3258 1050 3356 Philippum
1082 3280 1285 3350 properasse

227 3371 419 3454 contendit,
443 3368 684 3458 Thebanisqne
705 3362 809 3434 modo
831 3362 980 3430 Phocide
1007 3363 1121 3455 potitis
1147 3363 1184 3429 in
1206 3387 1287 3430 me-

225 3481 324 3552 dinm
346 3500 467 3549 eorum
498 3473 681 3542 exercitum
711 3468 908 3562 mediasque
935 3466 1068 3534 Thebes
1096 3488 1166 3534 esse
1195 3489 1284 3559 pro-

223 3587 367 3670 fectum,
399 3598 434 3652 et
462 3605 567 3675 quum
596 3575 640 3645 ad
671 3571 870 3666 Philippum
892 3569 1093 3650 advenisset,
1120 3571 1282 3638 τάπινίκια

220 3702 287 3764 τῶν
306 3687 503 3785 πραγμάτων
529 3687 580 3754 καί
603 3686 662 3752 τοῦ
682 3679 833 3763 πολέμου,
859 3675 880 3742 ἃ
915 3677 1051 3760 Θηβαῖοι
1078 3677 1128 3740 καί
1161 3677 1280 3742 niha-

220 3825 280 3880 πος
300 3802 416 3883 iosos,
449 3793 638 3864 celebrasse
660 3787 709 3876 (π.
732 3799 882 3870 πορσπρ.·
898 3805 931 3871 p.
956 3781 1048 3866 380),
1070 3801 1166 3870 xquae
1189 3802 1276 3870 quo-

220 3902 400 3978 dammodo
422 3897 608 3973 Aeschines
639 3894 714 3988 ipse
737 3885 916 3957 confirmat
943 3905 978 3974 p.
1004 3886 1044 3951 50
1059 3882 1143 3954 ,init
1191 3882 1273 3965 Qui-

212 3992 280 4079 hus
302 4012 459 4084 omnihus
483 4006 630 4099 utrique'
644 4013 794 4067 oratores
817 3985 907 4054 haud
938 3985 1091 4078 ambigue
1122 3984 1276 4053 indicare

217 4115 387 4206 videntur,
418 4111 606 4188 concilium
636 4099 727 4174 illud
761 4091 1082 4208 Amphictyonicum
1111 4107 1279 4184 occupata
