2706 4782
350 259 737 406 ..Ε-ἢ,

41 470 160 538 demum
182 469 291 556 CVII,
317 495 341 536 ι’
356 473 428 564 geri
452 471 579 562 coepit,
610 485 787 564 postquam
810 470 989 564 Philippus
1011 497 1074 567 per

41 574 123 666 Pylas
145 576 182 642 in
203 571 388 646 Phocidem
411 572 618 666 transgredi,
649 572 817 667 classeque
839 572 882 642 ad
905 575 1076 647 Maratho-

42 704 107 744 nem
125 701 235 770 usque
256 675 439 770 procedere
468 702 565 746 ausus
593 696 673 747 erat.
722 679 766 746 V.
798 701 848 746 or.
876 677 1024 775 Philipp.
1047 681 1087 762 Ι.Ι

43 784 81 850 Ευ
100 784 200 872 igitur
222 799 386 875 tempore,
409 805 478 875 quo
500 783 645 849 menime
666 781 848 876 Philippus
868 784 954 851 vires
970 786 1076 855 Athe-

47 888 192 953 niensium
214 887 253 952 in
274 911 312 953 re
333 886 443 954 navali
465 887 587 978 positas
605 909 680 954 esse
702 885 746 952 ad
778 885 877 980 Pylas
911 911 1075 980 cognove-

50 1009 95 1070 rat,
113 1007 302 1084 opportune
323 991 473 1084 proiecto
497 991 528 1058 ei
550 988 687 1073 accidit,
715 1015 822 1083 quum
843 989 946 1061 homo
968 993 1074 1060 Athe-
1114 1023 1117 1030 ·

48 1096 160 1175 niensis,
183 1093 230 1160 ad
252 1092 396 1161 delenda
422 1093 684 1162 Atheniensium
713 1093 841 1162 navalia
873 1093 960 1165 ulmo
984 1121 1019 1165 se
1041 1101 1074 1166 ei

48 1197 178 1265 oblerret.
232 1199 290 1265 Ad
317 1196 410 1266 idem
441 1214 573 1291 tempus
604 1197 669 1266 alio
698 1221 834 1289 quoque
864 1200 941 1266 satis
975 1197 1074 1267 firmo

49 1317 217 1393 argumento
250 1299 459 1372 deducimur.
507 1303 644 1370 Etenim
666 1303 908 1370 Demosthenes
935 1303 1075 1382 Aeschi-

49 1407 85 1472 nis
103 1431 236 1500 opcram
258 1408 296 1474 in
317 1406 480 1474 servando
513 1407 725 1500 Antiphonte
752 1424 906 1476 navatam
927 1405 1074 1486 iuvenile

51 1510 100 1576 eins
121 1511 247 1578 sueinus
275 1529 387 1578 vocet:
417 1511 452 1580 ἓν
478 1511 536 1596 μὲν
569 1514 675 1579 τοίνυν
706 1519 800 1580 τοῦτο
829 1517 953 1580 τοιαῦτα
983 1513 1074 1579 παλί-

52 1641 123 1699 τευμα
142 1623 197 1683 τοῦ
212 1616 343 1684 ,νεανίου
363 1615 488 1696 cedson,
510 1614 554 1681 de
576 1639 642 1684 cor.
664 1639 699 1706 p.
723 1639 798 1705 ²7²·
844 1615 916 1682 Iam
932 1614 1098 1683 Aeschi-·

56 1741 92 1784 nes
111 1744 209 1787 annos
230 1719 275 1806 45
299 1736 396 1786 natus
420 1719 604 1788 orationem
631 1717 703 1786 adv.
733 1717 953 1787 Timarchum
973 1742 1075 1814 pero·

61 1825 113 1888 nsit
140 1824 273 1914 (hesch.
303 1821 375 1892 adv.
399 1822 569 1890 Timarch.
596 1849 631 1917 p.
662 1845 681 1914 7
704 1821 747 1889 ud
768 1821 820 1906 fi),
849 1821 942 1890 haud
969 1823 1074 1891 dubie

57 1948 108 1991 non
124 1946 196 2019 post
216 1951 273 1996 res
296 1930 334 1993 in
355 1924 501 1994 Phocide
524 1953 543 1994 a
565 1925 725 2019 Philippo
757 1927 975 2024 compositas,
1003 1951 1072 2019 quc
1196 1921 1199 1928 ’

58 2044 173 2124 tenpore
193 2030 437 2098 Demosthenes
461 2029 502 2098 de
526 2028 711 2098 accusando
735 2053 774 2098 eo
796 2029 968 2122 legationis
983 2030 1073 2098 male
1131 2071 1134 2077 ·

57 2151 136 2219 gestae
155 2135 328 2228 cogitabat,
352 2153 385 2205 et
405 2133 544 2228 aliquod
565 2152 698 2231 tempus
730 2152 806 2203 ante
828 2136 1012 2204 orationem
1033 2159 1073 2202 ea

58 2232 87 2300 de
102 2261 132 2304 re
149 2267 165 2308 a
185 2239 416 2312 Demosthene
439 2238 495 2305 Ol.
525 2238 616 2322 CIX,
640 2265 662 2308 2
683 2239 850 2326 habitam3
883 2237 992 2306 idest
1015 2238 1072 2306 01.

56 2338 138 2410 CVIII
157 2348 232 2416 αδ
265 2361 323 2411 aut
352 2343 384 2430 4.
429 2343 471 2409 V.
493 2345 623 2436 Argmt.
654 2345 671 2414 I
699 2343 743 2411 ad
771 2343 891 2417 Aesch.
919 2366 968 2412 or.
999 2341 1073 2409 adv.

56 2441 187 2534 Timarch.
236 2449 335 2516 Dem.
366 2475 400 2515 π.
433 2472 573 2535 παραπρ.
605 2470 640 2537 p.
678 2447 761 2532 341,
799 2446 876 2533 4ι6.
935 2443 1072 2538 Taylor.

60 2549 159 2634 praelat
184 2551 229 2622 ad
254 2549 497 2619 Timareheam.
544 2550 661 2644 Itaque
688 2549 995 2620 natushesohines
1024 2565 1074 2617 est

60 2647 99 2715 01·
118 2654 238 2728 XCVII
266 2683 286 2724 a
315 2681 336 2724 2
357 2653 410 2723 vel
432 2655 462 2722 3.
508 2653 552 2722 In'
580 2678 627 2722 or.
649 2677 727 2723 vero
749 2683 782 2728 π.
804 2680 945 2744 παραπρ.
968 2680 1003 2747 p.
1028 2656 1071 2722 50

56 2749 81 2833 I,
97 2777 260 2853 postquam
281 2762 371 2829 inter
391 2756 562 2853 peripolos
583 2779 646 2850 per
667 2758 753 2827 duos
780 2783 884 2826 annos
913 2758 1074 2827 militiam

58 2877 118 2926 esset
136 2870 329 2960 auspicatus,
350 2865 502 2958 primum
523 2887 558 2930 se
584 2863 792 2957 stipendium
817 2865 976 2932 meruisse
1005 2864 1074 2930 Ae-
1187 2927 1190 2934 .

58 2960 283 3038 uolnerarent
303 2971 340 3035 in
362 2965 573 3060 expeditione
589 2966 814 3036 Phliasiorum
826 2965 948 3035 anxilio
960 2967 1071 3033 missa:

58 3065 154 3156 πρώτην
173 3077 198 3142 δ’
219 3073 360 3154 ἐξελθὼν
381 3075 547 3160 στρατείαν
572 3071 643 3158 τὴν
672 3075 710 3140 ἐν
736 3082 818 3150 τοῖς
845 3073 982 3160 μέρεσι
1003 3097 1073 3138 κα-

58 3169 229 3272 λθϋμξνην,
262 3179 314 3246 καὶ
335 3177 614 3265 συμπαραπέμπων
639 3175 805 3260 μετὰτῶν
830 3173 1000 3258 ἡλιαστῶν
1020 3175 1075 3243 sul

59 3276 105 3338 ‘vlt
130 3277 322 3368 Ἀλκιβιάδου
356 3282 451 3360 ξένων
484 3279 544 3366 τὴν
573 3282 616 3358 εἰς
658 3273 817 3348 Φλιοῦντα
847 3277 1073 3367 παραπομπήν.

60 3371 128 3456 Quae
152 3384 251 3454 verba
278 3383 477 3454 Schneider.
508 3383 551 3452 ad
578 3383 737 3478 Xenoph.
764 3381 894 3452 Hellen.
919 3382 1003 3464 VII,
1039 3405 1074 3466 ν,

62 3473 80 3560 I·
99 3485 129 3550 nt
148 3507 236 3558 recte
257 3488 361 3558 refert
382 3487 425 3556 ad
445 3487 505 3576 τὴν
524 3487 757 3578 παραπομπήν,
782 3486 820 3556 id
842 3503 892 3556 est
912 3485 956 3554 ad
976 3508 1074 3578 prae-

65 3577 154 3657 silium
167 3593 327 3684 Phliasiis
350 3592 466 3660 datum
487 3617 507 3658 a
530 3591 690 3676 Charete,
716 3592 977 3662 Atheniensium
999 3607 1073 3658 tum
1106 3599 1109 3615 ¹

62 3693 187 3780 temporis
222 3699 260 3766 in
290 3697 524 3792 Peloponneso
558 3694 662 3779 duce,
701 3695 797 3790 quod
830 3715 1074 3765 commemora-

60 3796 112 3858 tnm
138 3821 157 3864 a
182 3800 407 3898 Xenophonte
433 3801 459 3870 I.
493 3825 523 3870 c.
555 3797 725 3871 Diodorus
761 3799 796 3872 S.
823 3801 908 3886 XV,
938 3800 981 3892 75
996 3798 1073 3898 snb

60 3884 172 3991 olymp.
200 3905 279 3976 CIII
307 3933 337 3979 a.
370 3931 392 3986 a
422 3906 637 3998 consignavit.
691 3906 742 3974 Eo
777 3893 881 3997 igitur
917 3921 1077 3996 tempore

59 3988 213 4076 Aeschinus
239 4010 284 4099 π4
315 4011 429 4081 aetatis
457 4035 584 4080 annum
618 4009 748 4105 egebat.
779 4008 919 4103 Olymp.
947 4005 1075 4092 deinde

62 4089 123 4182 CI»
147 4109 311 4189 ibellum
337 4113 497 4210 Philippo
524 4137 604 4185 cum
628 4112 892 4226 Atheniensibus
921 4109 964 4182 de
990 4113 1075 4184 Am-
1217 4152 1223 4160 -
