2694 4784
415 227 582 298 ,87

485 315 644 334 *anu-

49 397 183 468 tionibus
205 395 413 489 legationem
429 396 562 466 'obiisse
589 412 727 466 constat
779 397 885 464 Erant
913 399 1023 466 antem
1050 403 1088 470 in

48 506 153 596 priore
169 499 232 570 illa
247 500 417 595 legatione
431 499 549 568 decem
561 499 662 594 legati
676 503 716 568 in
730 500 964 570 Macedoniam
976 508 1085 574 missi:
1195 582 1199 591 ¹

50 605 243 700 Ctesiphon,
272 603 520 688 Aristodemus,
550 603 881 693 lauuoles„Cimon,
905 608 1086 694 Nausicles,

51 707 221 804 Dercylus,
244 709 401 802 Phryne,
423 709 648 791 Philocrates,
673 711 867 792 Aeschines,
889 712 1089 783 Demosthe·-

53 839 105 882 nes.
146 814 193 882 V.
217 829 498 906 argumentum
532 811 576 880 ad
597 813 695 882 Dem.
717 837 767 884 or.
789 843 823 884 π.
846 841 985 904 eunoun.
1006 821 1090 909 Pas-

59 921 106 1001 sin
126 934 365 988 memorantur
391 917 434 986 ab
466 915 587 985 Aesch.
616 945 650 986 π.
678 915 818 1007 erpone.
847 943 882 1011 p.
911 921 962 1008 3ο,
985 945 1031 990 tn.
1054 939 1088 990 et

55 1049 81 1116 p.
96 1023 134 1110 34
160 1047 208 1099 m.
259 1023 309 1090 Ex
337 1022 392 1090 his
418 1021 546 1114 singuli
579 1045 695 1090 rursus
729 1022 931 1106 afferuntur,
956 1042 999 1109 ,ut
1027 1027 1087 1120 qui

54 1127 167 1194 alterius
191 1149 335 1221 quoque
354 1124 530 1220 legationis
552 1151 674 1193 munus
696 1127 859 1212 obierint3
890 1129 939 1194 sic
963 1129 1088 1198 Demo-

54 1232 186 1314 sthenes,
218 1229 448 1312 Philocrates,
470 1231 671 1312 Aeschines,
698 1231 833 1324 Phryne
857 1255 909 1322 ap.
933 1233 1029 1300 Dcm.
1052 1261 1086 1302 π.

53 1361 172 1424 aaran.
195 1361 233 1428 p.
258 1335 335 1420 4η.
381 1335 587 1404 Philocrates
610 1353 645 1403 et
656 1334 837 1404 Aeschines
850 1333 989 1428 ibitlp.
1012 1339 1085 1428 395.

56 1438 189 1508 Iatrocles
217 1465 257 1534 Ρ.
284 1440 360 1525 404.
390 1463 442 1530 ap.
472 1440 593 1507 Aesch.
617 1468 649 1508 π.
673 1465 813 1529 nucero.
843 1463 879 1532 Ρ.
901 1439 955 1526 44.
1000 1442 1088 1508 Der-

55 1543 127 1633 cylon
155 1569 210 1638 ap.
234 1545 338 1612 Dem.
367 1542 392 1611 l.
426 1569 455 1612 c.
483 1569 519 1637 p.
543 1545 618 1634 39&
663 1544 870 1613 Philocrates
898 1562 932 1617 et
961 1545 1087 1635 Demo-

58 1647 165 1716 sthenes
195 1675 250 1742 ap.
283 1647 404 1717 Aeseh.
428 1650 466 1716 in
488 1649 576 1716 Ctes.
599 1675 633 1742 p.
663 1649 705 1716 65
737 1649 811 1716 init
858 1651 1010 1732 Quorum
1038 1668 1087 1718 ta·

61 1775 115 1818 nen
146 1756 306 1821 omnium
332 1754 369 1818 in
392 1751 527 1821 decreto
555 1769 671 1820 nostro
699 1750 788 1820 solus
811 1752 994 1820 Aeschines
1029 1777 1087 1818 ex-

63 1871 111 1922 tut
160 1858 236 1940 Qua
271 1859 311 1924 in
343 1881 381 1926 re
413 1854 500 1924 nihil
531 1856 615 1924 adeo
653 1855 850 1924 mirandum
884 1873 949 1938 est,
985 1881 1087 1949 quam
1218 1919 1221 1926 .

60 1958 130 2048 quod
159 1959 368 2029 Philocrates
396 1961 491 2028 absit.
550 1963 616 2028 Iste
644 1961 752 2043 enim,
785 1961 879 2053 quod
911 1959 1086 2030 colludens

60 2085 120 2129 oum
142 2065 312 2133 Aeschine
338 2063 523 2136 commodis
550 2065 703 2158 Philippi
733 2067 873 2136 omnino
902 2065 1086 2149 inserviret,

61 2180 98 2232 tot
122 2171 208 2238 tetris
249 2171 413 2262 stigmatis
453 2196 472 2236 a
505 2170 731 2239 Demosthene
763 2187 936 2263 perustus,
973 2170 1017 2238 oh
1049 2170 1088 2236 id

63 2286 150 2338 nmen
174 2277 372 2366 saepissime
400 2272 558 2341 scelestus
592 2275 721 2366 patriae
749 2272 981 2366 libertatisque
1005 2295 1088 2366 pro-
1120 2317 1127 2338 .
1168 2281 1171 2288 “

66 2372 135 2440 tlitor
151 2377 189 2444 ah
212 2401 254 2447 eo
280 2393 429 2460 notatur,
458 2377 550 2469 quod
572 2402 640 2444 una
661 2402 741 2444 cum
759 2377 928 2444 Aeschine
950 2377 1088 2470 legatio-

69 2497 129 2544 nen
148 2479 235 2550 illam
257 2481 325 2563 sihi
345 2477 536 2548 mandatam
563 2481 727 2574 flagitiose
754 2482 907 2572 gesserit,
935 2481 1087 2574 falsoque

71 2576 161 2652 dende
199 2587 245 2656 ad
281 2582 447 2677 pupulum
480 2587 675 2652 renunciata
703 2584 873 2652 decretum
903 2585 1085 2677 scripserit,

67 2707 116 2772 quo
134 2705 163 2756 et
182 2691 410 2770 Phocensium
437 2687 574 2757 suntuna
601 2689 765 2782 Philippo
787 2687 921 2781 prodita
928 2740 938 2772 ,
968 2707 1002 2758 et
1022 2713 1087 2782 pax

66 2785 110 2854 illa
134 2797 324 2890 turpissima
353 2817 433 2862 cnm
460 2792 621 2888 Philippo
649 2792 692 2860 ad
714 2811 865 2888 posteros
896 2797 998 2864 etiam
1030 2819 1087 2862 ex-

65 2906 136 2960 tensa
154 2900 205 2966 sit.
250 2901 350 2968 Dem.
372 2927 407 2966 π.
429 2923 570 2986 eunoun.
591 2923 626 2991 p.
649 2898 726 2969 356.
772 2899 997 2983 Quamobrem
1017 2897 1085 2982 ille,

65 2997 137 3084 quod
154 3005 354 3094 praesertim
375 3015 410 3070 et
430 3001 656 3070 Phocensium
680 3004 837 3072 interitus
860 3021 894 3070 et
912 3005 1085 3095 sequentis

65 3111 242 3196 tempestatis
265 3125 382 3174 auctor
403 3107 582 3190 exstiterit,
611 3107 653 3174 ah
673 3104 866 3200 Hyperide,
896 3125 973 3198 post
1000 3105 1085 3172 belli
1118 3113 1120 3120 ’

64 3201 219 3280 Phocensis
242 3213 350 3282 linem
370 3209 547 3304 eisengelia
577 3210 621 3276 ad
640 3209 809 3306 populum
838 3208 975 3279 delatus·
991 3209 1086 3302 luga-

66 3330 114 3396 que
142 3333 215 3384 ante
248 3315 416 3386 iudicium
448 3333 546 3409 captu
572 3313 616 3382 etl
644 3331 790 3384 mortem
814 3313 993 3384 ¹damnatus
1025 3331 1084 3382 cst.

64 3407 143 3484 ilem.
170 3448 203 3489 a.
230 3445 372 3509 παραπρ.
399 3444 432 3514 p
457 3419 532 3510 376.
575 3418 696 3486 Aesch.
717 3420 756 3488 in
778 3417 866 3487 Ctes.
887 3443 924 3514 p.
945 3420 988 3489 65
1011 3420 1085 3486 init.

67 3539 87 3580 π.
103 3545 236 3614 παραπρ.
257 3550 293 3618 p.
316 3513 359 3616 a9
380 3525 428 3592 in.
472 3521 636 3591 Dinareh.
658 3525 697 3591 in
718 3525 818 3592 Dent.
839 3549 874 3618 p.
896 3547 939 3593 ao
966 3521 1018 3590 at
1044 3523 1085 3590 R.

65 3614 167 3692 Itidem
193 3653 271 3700 vero
301 3627 545 3697 Demosthenes
574 3651 710 3722 quoqne
738 3627 877 3696 alterius
909 3627 1084 3718 legationis
1183 3629 1185 3634 ’

66 3715 145 3794 huius
157 3735 323 3828 particeps
335 3733 410 3814 fuit,
425 3755 489 3799 nec
501 3729 583 3801 adeo
598 3733 764 3828 exigusin
778 3755 817 3800 ea
827 3729 1088 3826 provinciasnn·

67 3841 123 3894 etus
138 3853 192 3903 est.
222 3839 261 3906 ld
274 3837 424 3932 quamvis
437 3854 505 3906 tote
520 3833 659 3930 quidem
673 3859 722 3906 or.
735 3837 970 3905 Demosthenis
984 3834 1086 3904 dem.

68 3948 90 4014 l·
107 3929 165 4027 leg.
187 3941 428 4010 evidentissime
449 3939 577 4025 doceat,
599 3958 639 4007 ut
656 3959 768 4009 tamen
793 3943 900 4009 omnis
923 3937 1087 4008 dubitatio
1155 3931 1158 3938 Δ

68 4049 263 4128 tstttoseatur,
284 4063 481 4140 argumento
503 4047 572 4120 sint
592 4043 660 4116 loci
679 4039 852 4117 'nonnullt
886 4045 926 4112 P.
947 4045 1014 4131 406
1030 4043 1087 4112 his
