2706 4782
561 317 584 388 9

43 487 243 564 adumbrata
277 486 434 554 orationis
466 481 684 578 dispositione
711 483 872 551 maiorem
898 465 1010 550 lucent
1043 467 1097 546 rea'
1210 547 1213 558 ,

45 596 167 688 quirit.

140 801 275 869 Etenim
312 798 472 866 orationis
508 796 551 863 de
587 818 709 866 corona
749 819 878 862 summa
920 795 958 862 in
1000 815 1098 861 enar·

49 906 159 974 randa
196 903 430 970 Demosthenis
471 900 678 995 reipublicae
718 901 953 994 procuratione
990 923 1099 966 versa-

52 1030 118 1078 tur.
146 1010 248 1091 ¹Quo
286 1025 438 1100 tempore
475 1005 616 1073 Graecia
648 1005 790 1072 internis
830 1003 937 1071 turbis
973 1001 1101 1070 discor-

50 1116 190 1205 diisque
211 1135 372 1179 concussa
394 1129 428 1178 et
448 1109 641 1178 labefactata
669 1107 713 1176 ad
733 1106 883 1202 Philippi
905 1109 1008 1201 magis
1030 1133 1101 1174 ma-

50 1221 174 1311 gisque
205 1213 409 1312 declinabat}
426 1216 625 1307 imperium,
664 1215 702 1280 in
732 1214 942 1281 Athenarum
969 1212 1101 1281 civitate

51 1320 300 1389 Demosthenes
333 1321 491 1388 orationis
519 1320 550 1386 vi
584 1334 618 1387 et
644 1317 793 1412 capitalis
822 1320 945 1386 virtute
972 1317 1103 1408 ingenii

52 1425 227 1520 depellere
261 1442 405 1492 extrema
426 1423 593 1516 pericula,
622 1424 712 1490 tueri
732 1421 931 1504 libertatem,
960 1422 1103 1488 exsusci-
1199 1449 1203 1456 ·

51 1552 127 1600 tare
149 1532 295 1598 civitates
319 1527 361 1594 ad
383 1526 636 1596 custodiendam
657 1526 809 1610 salutern,
833 1519 1015 1596 conciliare
1035 1525 1104 1592 dis-

55 1632 175 1705 cordes
197 1635 331 1726 sibique
353 1631 509 1714 infensas,
532 1633 660 1724 ubique
672 1631 926 1726 propugnacula
939 1629 1104 1700 libertatis
1179 1703 1185 1712 x

60 1741 214 1808 adversus
237 1735 390 1830 Philippi
412 1739 557 1828 impetus
580 1738 707 1827 erigere
736 1736 869 1804 sortiter
899 1753 1106 1804 constanter·

67 1867 127 1934 que
147 1841 340 1909 conabatur.
385 1841 427 1906 Ei
450 1863 528 1907 vero
551 1840 703 1908 obstabat
729 1839 993 1909 adversariorum
1013 1832 1113 1906 haud'

62 1948 179 2039 exigua
205 1969 300 2038 pars,
337 1967 482 2038 quorum
515 1945 573 2013 alii
602 1946 770 2039 corrupti,
804 1945 862 2012 alii
888 1944 972 2012 salsa
1001 1943 1107 2013 animi

59 2051 274 2144 persuasione
286 2047 470 2117 commodis
492 2049 646 2144 Philippi
658 2051 875 2118 inservientes
900 2067 938 2118 ut
959 2048 1107 2143 depelle·

57 2154 1109 2249 rentDemosthenamareipublicaegubernaculispraecipita-

59 2280 215 2352 reusque,
240 2262 337 2326 enixa
358 2282 495 2352 operam
509 2259 643 2328 dabant.
688 2259 792 2328 Huius
803 2260 955 2328 factionis
968 2259 1109 2326 Aeschi-

61 2389 123 2432 nes
164 2365 389 2457 principatum
430 2364 573 2432 tenebat.
625 2365 675 2432 Ea
709 2363 921 2458 aliquamdiu
953 2363 1109 2455 depressa

64 2469 250 2559 profligatis
272 2466 408 2533 tandem
441 2467 535 2534 clade
559 2467 787 2535 Chaeronensi
808 2467 1043 2534 Demosthenis
1066 2465 1110 2534 de

67 2571 222 2637 libertate
244 2571 405 2640 Graeciae
427 2570 588 2653 consiliis,
610 2594 650 2640 eo
664 2571 895 2640 vehementius
911 2571 1110 2653 exsurrexit,

64 2675 126 2742 ubi
148 2675 313 2744 vindictae
336 2701 376 2744 ex
398 2676 626 2744 Demosthene
647 2673 828 2743 sumendae
847 2667 1027 2742 maximarh
1049 2698 1111 2771 op·

61 2781 309 2873 portunitatem
335 2799 432 2850 nacta
461 2782 527 2848 sibi
558 2805 627 2848 esse
655 2778 865 2850 ridebatur·
898 2779 970 2847 Hac
1007 2781 1111 2872 igitur

63 2887 243 2953 occasione
281 2885 463 2952 Aeschines
501 2885 651 2954 instituta
683 2887 722 2952 in
757 2883 1012 2978 Ctesiphontem
1048 2884 1110 2953 lite

63 2990 181 3082 legum
204 2987 413 3071 violatarum,
430 2988 524 3084 quod
539 2990 582 3058 ob
604 3013 717 3084 sparsa
739 2991 776 3057 in
793 2988 1038 3083 rempublicam
1051 2975 1112 3056 be·

61 3095 187 3162 ncficia
204 3111 237 3159 et
259 3109 411 3160 constans
428 3117 507 3187 erga
528 3119 600 3163 eam
616 3095 721 3162 animi
742 3091 891 3164 studium
912 3115 1036 3192 corona
1050 3093 1115 3162 do-

62 3197 219 3266 nandum
242 3196 502 3278 Demosthenem
524 3197 730 3281 decrevisset,
752 3222 859 3291 quum
878 3221 976 3266 eausa
998 3197 1041 3264 ad
1061 3199 1113 3266 iu-

64 3304 156 3371 dises
195 3318 280 3368 esset
317 3299 475 3384 deducta,
503 3303 540 3368 in
566 3304 757 3371 universam
784 3301 1019 3371 Demosthenis
1047 3305 1113 3371 rei-

65 3407 227 3501 publicae
260 3404 585 3473 administrationem
614 3408 763 3476 insectus
798 3431 836 3475 ea
869 3409 1022 3476 oratione
1052 3424 1113 3490 est,

68 3537 154 3601 quae
185 3513 221 3576 in
251 3509 504 3601 Ctesiphontem
534 3511 739 3580 inscribitur.
784 3513 895 3606 Eique
917 3513 1115 3580 Demosthe-

69 3639 144 3698 nes,
178 3639 196 3679 a
227 3613 444 3706 Ctesiphonte
473 3639 589 3682 causae
613 3635 773 3710 patronus
803 3633 989 3709 assumptus
1019 3641 1115 3708 suam
1170 3643 1173 3652 ’

14 3705 22 3714 ’
72 3717 111 3786 de
140 3743 269 3787 corona
299 3721 484 3787 orationem
511 3722 655 3812 opponit
676 3722 732 3811 (V.
763 3745 850 3814 quae
872 3746 944 3815 cap.
968 3737 1048 3788 extr.
1071 3722 1115 3789 da

31 3862 36 3866 -
66 3823 136 3890 litis
163 3824 295 3913 origine
317 3840 351 3890 et
372 3836 522 3916 tem'pore
544 3823 785 3919 disputantur):
809 3850 894 3920 quae
911 3849 1116 3921 quamquam
1158 3831 1161 3837 '
1217 3825 1221 3832 ’

66 3927 109 3993 ad
133 3925 390 3994 defendendum
413 3928 667 4020 Ctesiphontem
688 3931 827 4024 proprie
848 3931 961 3998 habita
982 3949 1047 4015 est,
1077 3954 1116 4000 eo
1168 3917 1170 3922 Ι
1201 3939 1204 3944 ’

68 4051 184 4104 tamen
200 4033 412 4128 potissimum
429 4030 547 4114 tendit,
561 4052 598 4103 ut
612 4032 747 4101 defensa
768 4033 924 4102 adversus
941 4037 1117 4110 Aeschinis
