2706 4782
196 461 227 548 d.
250 461 315 530 Kal
336 456 430 528 πάλιν
451 457 489 526 οὔ
512 461 641 532 πολλαῖς
661 451 793 542 ἡμέραις
813 453 945 542 Ascapos
966 451 1011 551 alc
1032 450 1206 546 Κόρινθον.

616 559 699 614 opas.
713 560 791 608 xcvi.
806 575 825 601 ω.

286 664 370 736 Inde
387 691 406 736 a
419 685 534 834 pugna
547 661 591 736 ad
602 662 789 742 Haliartum
802 661 980 732 commisse
995 659 1160 750 incepisse
1170 659 1250 726 hel-

23 767 26 779 ’
118 787 120 792 ’
198 769 271 841 lum
300 766 421 837 Corint
446 769 517 834 ium
545 766 721 843 Pausanias
751 765 853 836 refert
889 766 958 846 111,
988 786 1027 854 9,
1072 763 1115 832 ad
1152 761 1251 857 quod

197 877 280 952 haec
301 874 560 950 Atheniensium
583 871 748 961 expeditio
763 870 988 952 Corinthiam,
1013 893 1116 961 quam
1137 866 1253 942 verbis

200 1005 302 1072 supra
324 978 479 1046 exhibitis
502 975 745 1044 Demosthenes
761 976 878 1068 tangit,
899 973 1073 1041 manifesto
1089 975 1248 1066 pertinet.

199 1086 312 1154 Rebus
335 1085 428 1158 enim
448 1079 592 1150 feliciter
613 1082 651 1151 in
671 1081 809 1154 Boeotia
830 1096 946 1148 contra
966 1077 1253 1150 Lacedaemonios

201 1189 394 1270 transactis,
428 1187 539 1264 statim
564 1186 681 1254 Boeoti
709 1202 743 1252 et
763 1185 1002 1265 Athenienses,
1035 1201 1069 1250 et
1095 1207 1175 1250 cum
1195 1184 1252 1256 his

131 1333 133 1336 ·
204 1290 374 1368 Corinthii
395 1290 580 1382 Argivique
601 1290 791 1360 societatem
813 1293 903 1357 inter
925 1313 960 1356 se
981 1289 1136 1372 iunxere,
1159 1297 1259 1358 com-i
1342 1348 1343 1386 3

203 1398 367 1488 munique
390 1394 480 1488 apud
496 1394 689 1468 Corihthios
705 1411 820 1462 senatu
836 1395 1007 1474 instituto.
1022 1395 1082 1487 qui
1104 1391 1252 1466 debello

205 1499 353 1598 gerendo
377 1497 672 1594 deliberaret,.pe1·
691 1498 815 1591 legatos
838 1493 882 1566 ad
903 1499 1051 1566 civitates
1073 1500 1124 1564 ire
1146 1499 1252 1566 iussos

204 1604 395 1698 complures
418 1630 437 1670 a
464 1605 620 1675 societate
646 1603 988 1674 Lacedaemoniorum
1010 1602 1251 1672 abalienarunt.

136 1762 138 1766 .
203 1709 461 1792 Lacedaemonii
483 1710 586 1802 igitur
609 1729 715 1803 quum
743 1710 990 1804 potentissimas
1014 1707 1175 1776 Graeciae
1203 1707 1252 1774 ci·

203 1814 318 1884 vitatos
339 1813 457 1885 foedus
478 1833 598 1882 contra
619 1838 653 1883 se
675 1815 789 1882 iniisse
811 1811 975 1896 viderent,
997 1812 1190 1906 Agesilaum
1211 1835 1256 1879 ex

203 1919 284 1996 Asia
316 1943 396 1990 cum
426 1920 532 2009 copiis
560 1917 786 1992 revocandum
819 1941 990 1987 censuere.
1042 1918 1113 2011 Ipsi
1139 1934 1261 1986 tamen

204 2024 332 2089 intere'a
354 2046 395 2096 ex
416 2012 543 2088 ciuium
564 2023 800 2114 sociorumque
814 2021 948 2089 delectu
964 2023 1089 2116 insigni
1104 2022 1261 2092 exercitu
1278 2013 1280 2016 ⁵

207 2126 399 2220 conscripto
423 2124 626 2200 Corinthum
647 2151 757 2194 versus
779 2127 930 2204 hostibus
959 2128 1091 2198 obviam
1119 2150 1259 2219 proces-

206 2247 332 2300 serunt.
378 2227 480 2296 Diod
494 2231 590 2313 XIV,
613 2233 655 2299 82
689 2256 740 2324 sq.
787 2231 915 2324 Copiae
937 2232 979 2299 ah
995 2250 1136 2324 utraque
1156 2245 1271 2326 parte.

177 2356 178 2360 ¹
206 2357 330 2426 magno
352 2357 493 2410 numero
517 2353 735 2430 congregatae
768 2335 811 2412 ad
833 2337 994 2426 Nemeam
1020 2361 1163 2418 amnem,
1188 2335 1261 2404 Coe

206 2439 374 2512 rinthium
396 2456 430 2508 et
451 2437 648 2534 Sicyonium
670 2465 787 2532 agrum
808 2441 1058 2510 interfluentem
1079 2443 1164 2524 (Liv.
1200 2442 1257 2524 33,

212 2548 260 2613 15.
284 2545 325 2615 cI.
344 2544 453 2614 Strah.
472 2545 567 2628 VIII,
589 2571 624 2638 p.
641 2547 732 2634 382),
756 2568 955 2640 convenere,
977 2547 1257 2638 commissumque

207 2649 257 2721 ihi
277 2648 450 2739 proelium
479 2665 545 2728 est,
575 2650 704 2741 inquo
733 2648 990 2716 Lacedaemonii
1021 2653 1186 2744 egregiam
1205 2649 1254 2716 vi-

209 2752 349 2830 ctoriam
375 2769 601 2842 reportarunt.
651 2750 808 2844 Xenoph.
838 2753 939 2822 Hell..
956 2754 1019 2837 IV,
1054 2779 1089 2837 a,
1118 2777 1141 2846 9
1148 2778 1256 2848 „sqtp

173 2857 175 2872 '
209 2853 251 2944 ld
282 2851 451 2946 proelium
479 2855 598 2942 μεγάλη
632 2855 718 2942 μάχη
756 2852 836 2949 πρὸξ
865 2861 1138 2945 Λακεδαιμονίους
1168 2857 1189 2945 ἦ
1224 2862 1261 2927 dat

209 2960 363 3050 Κορίνθῳ
384 2976 519 3030 vocatur
541 2985 560 3026 a
581 2960 810 3030 Demosthene
829 2962 900 3030 adv.
923 2971 1017 3057 Lept.
1043 2989 1079 3059 p.
1106 2963 1188 3055 472,
1218 2965 1261 3031 iu
1319 3029 1322 3036 .

211 3087 278 3155 qua
300 3081 429 3144 tamen,
458 3079 498 3134 ut
519 3087 560 3130 ex
590 3065 710 3136 eodem
740 3065 816 3136 loeo
835 3065 952 3134 uideri
980 3086 1104 3160 potest,
1135 3069 1262 3136 Corin.-

160 3167 164 3176 ’
211 3167 365 3250 ὼὶοτιιω
389 3191 469 3234 una·
484 3169 585 3244 lectio
612 3170 873 3238 Atheniensibus
900 3173 1012 3265 potius
1040 3198 1261 3241 cumeorum

211 3273 313 3350 sociis¹
333 3270 469 3345 utilitati
491 3271 566 3355 fuit,
588 3299 691 3368 quam
713 3277 806 3369 quod
827 3274 884 3343 hie
895 3277 1137 3350 Demosthenes
1159 3279 1263 3354 iactat

164 3407 170 3419 ·
189 3399 191 3407 ’
209 3377 432 3454 Athenienses
455 3376 648 3453 (lorinthiis.
693 3381 824 3472 Magna
839 3405 877 3449 ea
898 3405 1014 3476 pugna
1027 3385 1103 3462 iure
1125 3381 1264 3463 dieitur,¹

211 3481 248 3560 in
283 3506 351 3571 qua
380 3507 400 3554 a
426 3481 771 3586 Lacedaemoniorum
799 3504 896 3580 parte
923 3511 1025 3579 supra
1061 3488 1183 3574 1dooo,
1217 3488 1262 3562 ab

194 3585 481 3668 *Atheniensium
501 3588 706 3661 Boeotorum
722 3610 756 3664 et
768 3591 1022 3663 Corinthiorum
1035 3615 1137 3686 supra
1151 3594 1262 3664 stoue
1327 3657 1331 3663 .

213 3693 423 3786 certaverint.
468 3688 850 3787 Xenoph.l.'c.§·.16t
897 3696 1083 3777 Commissa
1109 3719 1189 3770 vero
1211 3712 1265 3770 est

213 3810 289 3890 ante
318 3795 512 3876 anebontem
541 3799 750 3870 Eubulidam
783 3800 969 3874 seeundum
999 3797 1186 3872 Aristidem
1218 3801 1261 3878 T.

214 3898 277 3980 III,
307 3923 343 3992 p.
364 3899 431 3992 474
452 3901 505 3982 ed.
529 3903 664 3984 Canter.
708 3905 923 4000 Olympiadis
951 3908 1055 3998 igitur
1088 3903 1204 3973 XCVI
1219 3923 1262 3982 a.

214 4026 250 4083 2,
280 4020 432 4095 tempore
461 4006 552 4082 haud
582 4006 685 4088 dubie
714 4006 835 4093 verno,
864 4029 903 4080 ut
930 4011 1053 4089 eoniici
1081 4025 1191 4102 potest
1218 4031 1262 4088 en

214 4104 372 4206 thtch·
395 4109 418 4191 l·
440 4134 472 4194 α,
495 4135 522 4188 c·
547 4114 573 4193 Ι,
595 4114 624 4218 S·
647 4113 701 4213 4¹.
725 4111 1263 4215 manutenementum
