2648 4776
490 235 648 340 ..l-II}-

44 416 128 466 sent
151 423 191 466 an
210 421 323 491 parva,
346 397 384 466 id
405 415 515 468 nmen
530 399 610 468 inde
633 424 838 494 cousequens
862 419 920 482 est,
942 428 1012 474 non
1034 431 1096 500 po-

45 505 154 572 tuisse
182 505 246 570 nisi
281 525 368 572 anno
398 506 565 596 superiori
595 524 737 575 exeunte
764 505 929 574 eiusmodi
950 513 1096 600 promis·
1167 552 1173 572 .

45 633 126 676 sum
150 633 168 674 a
190 605 347 701 Philippo
369 630 442 677 csse
463 609 599 692 factum,
623 633 730 703 quum
746 608 866 678 festum
881 609 968 677 illud
981 638 1094 682 mense

46 712 338 780 Hecatombseone
361 709 593 780 celebraretur.
638 713 681 782 V.
705 712 842 780 Cossini
864 713 903 782 F.
927 717 966 780 Α.
990 717 1026 782 Ρ.
1052 719 1093 800 II,

50 843 79 909 p.
101 818 181 906 357.
225 815 351 883 Bockh.
380 815 565 886 Oeconom.
590 819 651 884 civ.
678 815 758 885 Ath.
782 816 859 884 Vol.
890 817 937 898 II,
965 841 1000 910 p.
1034 822 1092 890 165

58 945 121 1014 sqq.
169 920 391 990 Exacerbatos
413 940 523 990 autem
546 923 631 990 tristi
645 920 867 988 Phocensium
881 920 977 988 clade
992 923 1095 1004 Athe-

56 1027 183 1090 nienses
205 1048 268 1116 nec
290 1023 423 1094 theorus
444 1024 488 1091 ad
512 1026 610 1094 Indos
633 1024 800 1117 Pythicos,
823 1049 887 1094 nec
907 1022 1029 1116 legatos
1051 1027 1095 1094 ad

51 1129 314 1222 Amphictyones
343 1129 474 1196 misisse
507 1127 749 1196 Demosthenes
779 1126 860 1196 dicit
892 1157 925 1198 νι.
953 1157 1093 1221 πορονιρ.

49 1259 79 1326 p.
99 1236 179 1302 380.
224 1233 357 1324 Pythici
375 1230 447 1298 Iudi
458 1247 569 1298 autem
584 1257 689 1324 quum
712 1232 809 1301 tertio
821 1256 959 1326 quoque
974 1235 1095 1328 Olym-

50 1341 121 1432 pico
145 1361 237 1405 anno
253 1335 511 1417 celebrarentur,
534 1359 604 1402 non
621 1325 761 1427 possunt
773 1335 842 1418 illa,
865 1362 950 1429 quae
972 1358 1094 1407 sortem

50 1443 131 1510 hanc
154 1442 384 1508 Phocensium
404 1457 668 1535 praecesserunt,
690 1442 728 1506 in
750 1438 853 1508 alium
866 1465 992 1508 annum
1015 1467 1095 1511 con-

52 1545 141 1626 lerri,
182 1546 249 1611 nisi
277 1547 313 1612 in
344 1544 486 1638 Olymp.
517 1544 629 1612 CVIII
652 1544 850 1626 secundum,
873 1543 964 1612 unde
995 1547 1094 1616 etiam

53 1649 282 1716 Panathenaea·
301 1647 359 1715 illa
380 1673 501 1742 magne
523 1673 603 1730 esse,
626 1647 839 1716 manifestum
860 1666 918 1716 est.
1124 1652 1128 1664 ’

128 1755 179 1822 In
209 1769 300 1818 tanta
333 1777 412 1821 vero
445 1771 635 1846 temporum
666 1753 914 1844 conspiratione
948 1770 981 1820 ct
1013 1776 1095 1821 con-

62 1859 168 1924 stantia
194 1857 279 1948 quid
301 1856 519 1925 indicandum
542 1873 592 1924 est
621 1855 834 1926 dedeoretis
856 1854 938 1938 illis,
970 1857 1095 1926 Demo-

56 1961 174 2028 sthenis
205 1957 248 2024 dc
277 1949 475 2029 materianda
499 1959 685 2054 legatorum
706 1959 913 2052 profectione
942 1960 999 2048 (de
1027 1985 1093 2030 cor.

55 2091 79 2157 p.
98 2067 194 2148 235),
220 2062 432 2132 Callisthenis
455 2065 498 2131 dc
520 2065 671 2136 excubiis
697 2064 842 2156 fugaque
858 2057 906 2132 'ex
933 2067 1019 2156 agris
1042 2091 1096 2133 ca·

55 2167 213 2262 pessendn
242 2167 340 2258 (ibid.
368 2194 403 2260 p.
428 2171 523 2260 238);
552 2167 638 2262 quid
666 2167 710 2234 de
732 2193 786 2249 ea,
821 2193 923 2261 quam
948 2161 1031 2262 prae
1061 2195 1095 2236 se

58 2273 172 2357 Inuus,
194 2275 355 2366 temporis
383 2273 484 2339 nota?
526 2273 612 2339 Nam
644 2289 684 2339 ut
715 2290 843 2340 taceam
871 2271 914 2340 de
936 2274 1095 2340 archonte

56 2377 275 2470 Illncsiphilo,
317 2378 452 2468 utrique
481 2376 647 2468 praefixo,
679 2374 766 2443 illud
797 2375 1122 2452 Hecatombaeonis,

63 2483 167 2565 xxx,
200 2480 343 2548 alterum
366 2481 657 2548 Maemacterionis
682 2480 764 2546 XXI
787 2479 893 2546 letum
914 2477 1029 2574 Iertur.
1051 2520 1095 2534 --

65 2585 215 2654 Gorsinus
236 2587 287 2669 (F.
311 2586 353 2651 A.
377 2579 451 2650 diss.
478 2585 543 2663 III,
567 2609 595 2649 c.
623 2583 660 2650 13
685 2600 719 2649 ct
745 2591 806 2674 17),
830 2607 868 2651 eo
892 2606 993 2674 quem
1015 2608 1095 2676 pro-

55 2693 223 2781 posuimus
251 2688 372 2757 ordine
401 2712 517 2756 rerum
550 2705 742 2780 perspecto,
779 2685 908 2756 nodum
936 2686 1095 2755 facillime

54 2793 195 2874 dirimit,
227 2817 334 2886 quum
360 2793 398 2858 in
429 2769 573 2883 utruq'ue
602 2789 737 2859 decreto
767 2793 935 2874 mensium
956 2795 1094 2870 nomina
1183 2867 1186 2874 .

53 2897 252 2992 dierumque
274 2919 431 2964 numeros
460 2894 681 2988 expungenda
711 2912 844 2972 censeat
872 2919 958 2977 esse,
989 2897 1096 2991 inque

50 3002 103 3070 illo
125 3011 177 3097 (p.
200 3003 279 3090 235)
303 3017 360 3068 aut
379 3003 607 3088 Μουνυχιῶνος
633 3001 743 3090 τρίτῃ,
778 3001 807 3066 si
838 3023 885 3100 eo¹
906 2999 1006 3092 legati
1028 3003 1095 3068 iam

48 3107 186 3200 pridem
215 3104 312 3172 electi
340 3104 433 3170 abire
461 3105 541 3170 iussi
574 3106 660 3186 sint,
697 3121 755 3172 aut
782 3105 810 3171 si
840 3103 883 3169 ad
910 3104 1096 3197 legatorum
1177 3119 1179 3124 ’

49 3212 257 3278 creationem
277 3207 413 3302 spectet,
431 3206 703 3298 Ἐλαφηβολιῶνος
720 3207 832 3297 ἔννοίτῃ
853 3210 1034 3296 φθίνοντος,
1057 3211 1096 3278 lu

49 3313 267 3384 Callisthenis
289 3328 402 3379 sutem
428 3309 563 3378 decreto
586 3315 837 3402 Σκιροφοριῶνος
862 3311 989 3400 τένροὶδι
1015 3315 1096 3404 φθί-

48 3445 162 3498 νοντος
189 3405 444 3484 rescribendum
472 3433 649 3508 proponat
700 3414 769 3483 Nos
802 3439 879 3484 sero
909 3417 947 3484 iu
978 3418 1095 3511 priori,

47 3521 308 3602 Demosthenis,
339 3518 473 3588 decreto
505 3521 643 3587 nonnisi
675 3523 904 3605 Μουνυχιῶνος
924 3523 1014 3609 τρίτῃ
1041 3544 1097 3587 re·-

14 3649 15 3696 ν
47 3627 250 3719 ponendum
284 3648 354 3692 csse
368 3631 484 3718 'supra
512 3620 704 3717 docuimus3
733 3625 771 3690 in
800 3648 868 3717 qno
897 3641 1008 3692 tamen
1035 3622 1097 3691 da
1134 3647 1137 3655 ’

14 3719 15 3730 ¹
48 3734 149 3800 bium
169 3729 385 3824 reliquimus,
401 3753 489 3798 anne
509 3729 583 3820 ipse
605 3727 846 3796 Demosthenes
868 3727 911 3794 de
933 3727 1097 3798 industria

48 3839 178 3904 iustum
196 3854 328 3926 tempus
345 3830 540 3928 depravant
587 3829 687 3916 Quod
701 3849 812 3900 tumen
827 3831 871 3900 sd
885 3829 1097 3901 Callisthenis

50 3942 227 4008 decretum
249 3940 381 4021 attinet,
410 3939 448 4006 in
478 3959 518 4004 eo
548 3954 683 4027 rectene
706 3936 882 4018 Corsinus,
904 3939 960 4004 cui
982 3933 1101 4004 adsen-

52 4048 138 4116 titur
161 4041 324 4138 Taylorus
346 4043 430 4134 (not.
465 4039 577 4112 ador.
606 4040 651 4110 de
673 4063 741 4110 cor.
762 4067 796 4135 p.
820 4041 915 4130 235),
950 4063 1100 4110 mensem
1160 4029 1164 4037 ¹
