2750 4772
702 359 706 368 ,
747 281 824 346 220

241 431 339 512 x'iam
362 459 437 512 ante
459 457 590 536 captam
594 435 778 524 Elateam,
806 439 946 536 iisque,
969 447 1006 512 e'x
1027 447 1150 515 22122112
1169 449 1309 518 12210221-

261 550 345 630 ⁴bus,
368 564 526 650 autumno
548 548 615 613 iam
639 546 777 640 Olymp.
800 549 878 635 Cll,
909 571 929 616 2
956 549 994 616 iu
1016 551 1309 643 Amphissensium

274 641 396 718 terrani
417 652 583 760 invasisse,
605 647 822 745 hibernisque
844 669 914 720 tum
943 652 1035 744 apud
1041 655 1310 773 'Amphissens'es

271 757 375 838 iactis,
384 751 508 876 primo
529 778 607 822 vere
631 755 768 848 Olymp.
793 757 872 838 CX,
901 781 920 822 2
950 758 1090 851 propius
1115 781 1227 824 versus
1247 759 1311 826 At-

271 863 370 928 ticam
407 861 546 926 movisse
570 857 783 953 Philippum
794 874 993 942 statuamus,
1023 861 1134 928 omnia
1165 859 1308 930 obstant

273 968 388 1048 Quum
409 953 499 1028 enim
521 957 698 1054 Philippus
720 965 826 1032 socios
848 988 921 1034 suos
947 964 1282 1056 Peloponnesiacos
1272 990 1311 1033 tn

272 1066 419 1136 Phocide
441 1069 620 1135 convenire
642 1091 755 1136 seeum
778 1070 916 1152 iuberet,
946 1094 1016 1163 per¹
1030 1069 1216 1160 Phocidem
1235 1091 1311 1134 222-

262 1173 389 1240 'nifesto
412 1170 549 1238 tendere
582 1171 736 1240 adversus
766 1171 1018 1266 Amphissenses
1040 1189 1101 1240 se'u
1121 1172 1311 1239 Athenien-

272 1301 322 1345 ses
370 1276 599 1345 constituebat.
666 1274 715 1344 Ut
747 1296 865 1345 autem
897 1276 1079 1346 Phocidem
1125 1274 1309 1356 invaderet,

271 1381 487 1450 traiiciendae
516 1381 547 1447 ei
573 1397 681 1461 erant,
712 1399 874 1476 occupata
903 1383 1090 1450 Locrorum
1112 1379 1311 1473 Epicnemi-

200 1564 203 1577 ι
262 1485 407 1554 ‘diorum
428 1503 526 1566 terra,
551 1484 723 1552 Cnemidis
751 1487 873 1556 montis
896 1487 1074 1579 angustiae,
1097 1480 1311 1577 occupanda-

199 1653 200 1658 ,
271 1615 337 1684 que
359 1593 458 1658 etiam
478 1589 573 1672 urbs,
603 1590 648 1658 eis
670 1591 866 1672 imminens,
900 1589 1012 1658 Elatea
1039 1597 1081 1674 (2.
1104 1588 1212 1657 Strab.
1244 1587 1309 1656 IX.

269 1719 304 1790 p.
327 1695 401 1782 428.
425 1693 499 1780 424
516 1694 612 1779 Cas..)
658 1689 806 1761 Elateam
832 1719 911 1763 2220
932 1693 1112 1786 Philippus
1135 1693 1313 1786 occupavit

270 1799 382 1900 medio
405 1799 542 1864 demu'm
564 1795 1311 1892 82120210210220122242.οΧ,22(2122122),

271 1891 338 1996 quo
360 1903 455 1970 12220
468 1903 688 1970 Athenienses
710 1901 867 1970 ducentas
889 1925 987 1971 naves
1008 1920 1121 1996 petere
1143 1901 1312 1970 Thermo·

182 2039 185 2047 =
259 2009 398 2104 pylas
387 2022 553 2073 iusserunt
586 2029 626 2072 ex
655 2005 790 2074 decreto
820 1999 1054 2077 Demosthenis
1088 2006 1145 2092 (de
1176 2027 1245 2074 cor.
1273 2031 1309 2098 p.

179 2169 186 2184 ,
272 2115 337 2202 289
359 2117 424 2204 sq.)
447 2133 486 2177 eo
508 2112 672 2198 nimirum
694 2109 832 2188 cons1lro
839 2162 848 2192 ,
878 2128 915 2178 ut
935 2110 1132 2203 Philippum
1153 2134 1171 2175 2
1195 2110 1312 2178 Mace-

271 2216 373 2284 donia
395 2213 635 2307 Thessaliaque
658 2213 879 2302 excluderent.
923 2213 1310 2280 PraetereaDemosthe-

270 2344 330 2388 nes
363 2318 563 2412 Philippum
591 2343 629 2385 ea
656 2315 865 2386 simulatione
895 2316 1104 2414 descendisse
1135 2320 1172 2386 in
1202 2315 1310 2386 Grae-

261 2429 359 2494 'eiam
380 2421 472 2504 dicit,
494 2425 532 2490 ao'
554 2424 582 2490 si
606 2422 801 2503 Cirrhaeam
830 2424 1003 2514 regionem
1024 2423 1187 2516 petiturus
1211 2439 1307 2504 esset,

271 2529 331 2597 sed
363 2521 478 2597 Locris
512 2525 748 2619 Cirrhaeisque
781 2524 1022 2613 valedicentem
1055 2551 1091 2592 ex
1124 2527 1309 2617 improviso

257 2633 418 2700 'Elateam
454 2653 632 2722 occupasse
665 2630 848 2718 (παρελθὼν
888 2629 931 2708 ὡς
968 2634 1017 2698 ἐπὶ
1048 2629 1107 2716 τὴν
1137 2631 1306 2719 112ρρ2122,

269 2740 428 2828 ἓρρῶσθαι
455 2734 582 2836 φράσας
607 2733 707 2800 πολλὰ
734 2736 784 2800 καὶ
815 2735 980 2823 Κιρῥαίοις
1006 2736 1056 2800 καὶ
1073 2737 1228 2820 Λοκροῖς
1249 2732 1309 2820 τὴν

233 2901 235 2905 ,
264 2840 424 2908 Ἐλάτειαν
455 2829 685 2921 καταλαμβάνει
713 2834 756 2902 212
787 2861 854 2904 202.
876 2863 910 2931 p.
934 2839 1029 2927 278),
1060 2837 1206 2916 1202222,
1228 2861 1307 2904 vera

216 3009 219 3026 ,
267 2925 465 3038 Philippum
479 2939 618 3010 consilia
632 2963 691 3006 sua
704 2943 864 3013 continuo
877 2941 1078 3033 patefecisse,
1103 2965 1208 3033 quum
1229 2939 1309 3006 Ela-

267 3067 355 3118 team
377 3049 561 3141 occuparit,
586 3045 712 3138 quippe
736 3069 802 3138 qua
825 3061 983 3138 occupate
1012 3047 1084 3112 sine
1105 3041 1208 3116 ullo
1198 3067 1307 3138 tmpe-

268 3155 417 3222 dimento
447 3177 510 3245 per
539 3147 725 3218 Phocidem
751 3151 923 3217 Boeotiam
956 3150 1131 3241 ipsamque
1159 3149 1306 3216 Atticam

265 3258 422 3327 invadere
466 3255 624 3348 potuerit.
688 3254 848 3345 Denique
887 3252 1078 3320 simulatum
1120 3250 1218 3320 illum
1254 3277 1307 3318 ex-

164 3441 165 3446 ,
263 3362 446 3458 peditionis
469 3359 572 3426 finem
600 3381 671 3425 non
696 3377 834 3451 prorsus
864 3383 883 3423 a
908 3356 1069 3448 Philippo
1100 3355 1303 3446 neglectum,

267 3465 327 3536 2221
333 3481 475 3568 gestum
493 3488 534 3531 22
555 3479 649 3556 parte
671 3461 801 3528 bellum
830 3483 900 3527 csse
923 3461 1022 3528 etiam
1043 3459 1197 3531 adversas
1221 3461 1304 3526 Am·

258 3557 469 3668 'phisscnseu
506 3585 652 3636 attamen
684 3583 767 3658 post
808 3549 959 3632 Elateam
1001 3562 1138 3633 demum
1172 3579 1304 3656 captam

265 3677 359 3744 brevi
383 3689 563 3763 antequam
583 3669 738 3738 Thebani
760 3695 838 3760 cum
860 3668 1118 3754 Atheniensibus
1145 3667 1189 3737 ad
1218 3667 1302 3737 lines

265 3781 420 3852 Boeotiae
441 3777 649 3857 restitissent,
672 3797 733 3842 nos
755 3775 867 3842 statim
888 3772 1092 3840 docebimus.
1178 3802 1181 3810 ¹

353 3885 447 3965 Quae
478 3905 583 3972 quum
611 3881 657 3946 ita
678 3880 764 3960 sint,
795 3901 1002 3968 consequens
1025 3895 1098 3959 222,
1112 3861 1151 3944 ut
1171 3873 1303 3966 Philip-

260 4011 328 4080 ‚pus
350 3974 633 4082 Elaphebolione
641 3980 778 4066 demum
806 4004 921 4048 mense
947 3982 987 4048 in
1010 3980 1219 4048 Graeciam
1208 4001 1302 4047 ruva-

264 4093 365 4175 sisse,
396 4108 485 4158 certe
513 4111 552 4156 eo
588 4109 703 4154 mense
736 4085 890 4153 Locridis
923 4084 1126 4180 quibusdam
1160 4083 1301 4152 urbibus
