2706 4782
739 315 784 387 ³6

682 411 841 427 m

326 489 435 558 Rebus
455 481 524 572 his,
554 513 641 582 qnae
666 509 837 582 postremo
858 489 934 557 loco
956 514 976 555 a
996 489 1289 584 nohis·expositae

237 613 327 677 sunt,
348 593 518 688 adipeam
539 595 608 659 iam
628 612 769 662 aetatem
793 591 1020 687 Philippicam
1040 591 1289 679 descendimus,

238 701 335 766 cuius
356 701 394 764 in
414 699 515 764 rebus
537 724 557 765 a
571 698 797 766 Demosthene
812 701 963 765 oratione
985 697 1028 763 de
1045 722 1113 766 cor.
1137 723 1291 766 comme-

236 805 375 872 moratis
398 825 540 896 sequeus
556 805 872 870 commentariorum
884 819 1078 881 nostrorum
1092 828 1170 897 pars
1191 828 1290 871 sum-

235 933 291 976 ma
308 908 655 1000 praestantissimaque
667 905 893 974 consumenda
909 899 983 972 erit
1012 908 1151 998 Etenim
1164 931 1290 1000 quam-

237 1037 341 1105 quam
370 1010 509 1104 Olymp.
538 1012 607 1106 iam
640 1011 702 1078 CV
730 1037 759 1076 a.
794 1035 806 1076 1
845 1009 1042 1103 Philippus.
1061 1011 1289 1080 Macedoniae

237 1115 420 1206 imperinm
440 1132 642 1204 susceperat,
665 1114 785 1180 eodem
806 1131 919 1180 tamen
932 1113 1068 1202 demum
1089 1141 1190 1198 anno,
1213 1141 1289 1208 quo
1346 1149 1347 1214 l

236 1219 414 1286 liberatam
446 1219 619 1286 Euboeam
647 1241 667 1284 a
693 1218 935 1286 Thebanorum
964 1216 1191 1288 dominatione
1225 1245 1290 1289 co·
1346 1215 1347 1306 l

237 1325 430 1415 guovimus,
466 1321 616 1414 bellique
643 1320 772 1389 socialis
808 1322 946 1388 initium
980 1320 1122 1403 factum,
1166 1321 1204 1390 id
1234 1343 1331 1397 est
1346 1313 1347 1380 l

238 1427 378 1519 Olymp.
403 1425 479 1508 CV,
502 1429 539 1509 3,
568 1424 747 1518 Philippus
774 1423 1001 1518 Amphipolin
1020 1426 1172 1493 urbem
1160 1453 1198 1494 tn
1219 1453 1347 1528 po-
1346 1427 1347 1488 l

236 1547 387 1598 testatem
408 1553 503 1596 suam
524 1529 677 1650 redegit,
696 1526 786 1595 unde
820 1531 1062 1598 controversiae
1084 1529 1287 1626 Philippum
1346 1555 1347 1618 ς

235 1637 325 1701 inter
346 1652 381 1701 et
393 1634 677 1716 Athenienses,
647 1658 736 1700 crrca
755 1659 836 1726 quas
858 1631 961 1702 veluti
983 1633 1158 1703 cardinem
1169 1654 1284 1730 poste-

234 1740 332 1805 rioris
354 1741 469 1806 aetatis
489 1738 575 1806 facta
598 1740 710 1808 omnia
733 1740 771 1804 in
793 1762 841 1804 or.
863 1735 906 1804 de
928 1761 996 1806 cor.
1018 1738 1088 1806 sive
1102 1737 1206 1808 relata
1220 1764 1281 1810 seu

235 1842 381 1910 indicata
390 1861 576 1924 vertuntur,
589 1846 735 1935 primam
750 1859 879 1908 traxere
892 1844 1069 1946 originem.
1090 1843 1285 1939 Amphipo-

233 1944 276 2012 lis
304 1965 413 2012 autem
443 1948 643 2066 expugnatio
675 1952 780 2040 quum
801 1947 845 2012 sit
873 1969 989 2013 rerum
1013 1945 1284 2041 Philippicarum

233 2050 344 2140 prima
367 2067 400 2116 et
420 2051 656 2131 remotissima,
680 2062 782 2140 quiam
804 2050 1044 2119 Demosthenes
1065 2053 1180 2144 tangit,
1205 2075 1284 2122 eam

178 2163 180 2168 '
234 2153 405 2244 sequentis
440 2172 573 2222 nostrae
613 2153 845 2246 disputationis
891 2163 1061 2249 tamquam
1097 2156 1282 2225 terminum
1346 2149 1347 2204 Ῑ

233 2273 415 2346 ponentes,
438 2273 546 2324 cetera
567 2280 623 2338 eo,
655 2281 758 2351 quem
779 2259 818 2326 in
846 2261 1018 2352 prooemio
1047 2258 1278 2347 iudicavimus,

197 2449 200 2456 ι
234 2357 354 2429 ordine
373 2385 623 2456 persequemur.
