2740 4774
156 441 278 533 Atque,
300 431 343 508 uc
366 442 506 534 longum
527 440 658 524 faciam,
681 440 878 521 Bocchhius,
903 465 1008 531 quum
1031 451 1110 510 con-

71 544 236 612 fusionem
258 543 357 626 talem
384 569 455 612 non
481 541 578 614 aliter
605 546 680 612 lieri
703 547 850 638 potuisse
872 562 1023 626 censeat,
1045 547 1111 614 nisi

70 650 98 716 si
120 649 201 719 haec
223 667 293 716 acta
316 673 352 715 ex
374 651 460 715 serie
492 649 636 741 quadam
666 647 877 716 decretorum
899 653 1003 741 petita
1033 651 1109 730 siut,

43 751 155 846 'quae
184 753 343 845 disposita
372 751 556 820 secundum
584 771 714 822 certum
743 752 910 845 quendam
939 755 1111 844 magistra<

71 861 142 925 tium
164 871 281 938 essent,
305 881 366 948 per
389 859 560 950 epistotam
590 876 701 924 autem
726 857 863 950 disponi
886 859 1018 927 decreta
1039 882 1110 926 non

69 963 247 1055 potuisse,
266 959 358 1054 quod
387 961 549 1028 diurnum
570 963 726 1054 epistatae
748 985 870 1030 munus
893 961 1002 1042 suerit,
1023 961 1110 1028 Boe-

69 1065 187 1133 chhius
208 1067 500 1158 pseudeponymoa
521 1063 596 1134 illos
619 1089 655 1131 ex
682 1058 801 1132 scribis
824 1063 1009 1132 secundum
1029 1090 1110 1158 pry-

70 1172 197 1254 taniam
229 1189 322 1237 natos
353 1172 510 1250 coniicit,
543 1172 603 1262 qui
637 1196 655 1236 a
685 1187 800 1236 senatu
833 1188 921 1236 sorte
950 1170 1051 1235 creati
1073 1193 1109 1235 ex

70 1275 152 1365 ipsis
174 1275 392 1356 senatoribus,
416 1297 486 1341 non
510 1292 620 1341 tamen
643 1298 679 1340 ex
701 1273 908 1365 prytanibus,
930 1275 1054 1364 scripta
1077 1292 1109 1339 et

69 1378 202 1446 decreta
231 1395 362 1444 senatus
392 1377 579 1470 populique
612 1381 791 1459 servarint,
834 1380 949 1469 eisque
985 1401 1109 1446 nomen

69 1507 168 1550 suum
196 1484 488 1575 praescripserint,
523 1498 631 1549 tantae
660 1481 734 1551 illos
757 1483 976 1562 auctoritatis,
1010 1500 1048 1548 ut
1069 1505 1109 1548 ex

69 1589 199 1679 primae
221 1588 393 1678 prytaniae
423 1585 546 1667 scriba,
579 1587 677 1652 etiam
708 1589 831 1653 omisso
860 1586 1018 1652 archonte
1051 1585 1109 1651 de-

68 1692 255 1782 signaretur
283 1715 404 1769 annus,
433 1688 486 1756 uel
520 1689 580 1756 ille
614 1707 703 1756 certe
736 1681 888 1758 archonti
917 1691 998 1756 anni
1020 1687 1108 1756 desi·

67 1795 194 1888 gnandi
218 1819 312 1862 eausa
334 1793 520 1861 adderetur.
566 1796 672 1879 Quam
695 1798 921 1863 coniecturam
948 1795 992 1860 ita
1015 1817 1110 1860 exor-
1142 1796 1144 1804 ’

66 1901 159 1968 navit
180 1898 367 1980 Boeclthius
391 1916 424 1965 et
454 1897 679 1981 confirmavit,
708 1916 746 1967 ut
775 1900 812 1964 in
835 1923 881 1966 ea·
895 1899 1109 1988 acquiescen-

66 2124 381 2144 ——u--n-q-

156 2273 245 2332 tionis
284 2269 438 2331 similitudo
477 2262 687 2354 (Euthycles,
730 2273 906 2352 Polycles,
939 2273 1108 2347 Neocles,

156 2359 350 2434 Nausicles),
373 2379 415 2434 ea,
437 2359 460 2417 si
484 2359 510 2416 ei
533 2357 709 2440 aliquantum
722 2358 916 2418 tribuendum
939 2375 990 2436 est,
1013 2375 1109 2440 potest

156 2446 275 2506 fortasse
305 2466 404 2528 errore
435 2445 501 2520 niti,
531 2466 588 2502 non
621 2446 713 2504 tamen
744 2445 900 2504 inventoris
928 2447 1043 2527 ingenio
1072 2446 1109 2505 ad

155 2533 234 2593 idem
256 2554 359 2591 vocum
380 2531 608 2592 inchoamentum
629 2530 751 2612 proclivi
774 2529 885 2607 deberi,
907 2532 1109 2592 seductorum

155 2621 253 2702 potius
275 2620 442 2700 scripturae,
463 2619 503 2677 oh
526 2618 697 2677 celeritatem
719 2618 945 2699 compendiosae
968 2635 997 2678 et
1018 2621 1109 2680 mium
1151 2625 1154 2635 '

156 2723 320 2780 accuratae,
350 2727 385 2765 ex
413 2727 471 2786 qua
506 2703 672 2786 explicanda
700 2703 778 2764 haud
808 2704 899 2764 dubie
933 2708 1016 2764 etiam
1043 2723 1108 2766 sunt

156 2791 372 2852 innumerabilia
395 2793 461 2851 vitia
483 2793 539 2867 illa,
562 2791 671 2873 quihus
699 2791 867 2850 archontum
888 2793 1001 2850 nomina
1029 2793 1109 2874 apud

157 2883 311 2962 scriptores
337 2879 468 2939 laborare
502 2894 619 2938 constat.
664 2877 811 2959 Namque,
833 2877 917 2959 quod
938 2879 1109 2959 Spengelius

159 2967 196 3026 de
218 2966 407 3026 monumentis
420 2965 571 3064 puhlicis,
606 2965 726 3023 orationi
749 2963 787 3022 de
809 2985 915 3023 corona
936 2965 1058 3040 insertis,
1080 2965 1109 3022 iu

157 3056 321 3112 universum
342 3052 450 3127 statuit,
471 3051 538 3109 ab
532 3073 594 3132 ipso
618 3071 649 3110 ea
672 3047 804 3129 prolecta
822 3069 883 3108 esse
905 3051 1112 3150 Demosthene,

159 3156 188 3199 et
210 3138 373 3238 quidem'
352 3158 412 3197 stuc
441 3138 592 3212 archonte,
622 3157 717 3195 mense
749 3135 892 3218 dieque
887 3152 916 3194 et
942 3138 1059 3227 recitata
1081 3152 1110 3197 et

159 3242 219 3286 tum
254 3226 375 3284 orationi
404 3225 521 3299 inserta,
560 3226 586 3282 ei
615 3239 643 3282 et
670 3224 823 3324 utriusque
854 3224 958 3323 prioris
965 3215 1110 3302 decreti,

158 3311 359 3372 Demosthenis
381 3311 631 3390 Callisthenisquc,
653 3331 706 3368 nec
728 3331 785 3369 non
808 3311 897 3390 ipsius
919 3311 990 3392 legis
1013 3309 1109 3371 Ctesi·
1154 3321 1156 3325 ’

159 3403 300 3481 phontcae
323 3413 464 3478 repugnat
493 3396 628 3455 conditio
674 3385 966 3456 Verumeuimvero
956 3419 1020 3479 ipse
1045 3393 1108 3458 De·

157 3489 318 3545 mosthcues
340 3485 452 3542 recitari
475 3483 556 3542 iubet
575 3477 709 3561 χρόνους
731 3505 760 3563 p.
775 3501 848 3583 279,
871 3484 898 3541 in
922 3484 1022 3565 eisque
1039 3485 1109 3565 ipsis
1193 3507 1196 3512 ·

158 3575 212 3654 leg'
187 3589 263 3632 “rtur
290 3569 543 3651 pseudeponymus
567 3567 769 3643 Mnesithides,
798 3570 849 3650 qui
878 3592 936 3628 non
965 3583 1061 3650 potest
1094 3593 1110 3629 a

157 3659 351 3719 Demosthene
373 3656 521 3737 profectus
556 3676 627 3714 esse.
679 3653 781 3730 Quod
791 3657 919 3736 opinioni
950 3677 1017 3714 suae
1051 3678 1110 3717 ma-

159 3745 232 3804 xime
262 3748 423 3825 repugnare
465 3743 588 3802 sentiens
624 3741 795 3841 Spengelius
827 3763 926 3800 verum
962 3745 1016 3800 hoe
1051 3765 1108 3802 uuo

159 3834 227 3892 loco
261 3845 474 3906 monumentum
505 3827 642 3888 excidisse
671 3827 801 3902 coniicit,
834 3829 979 3888 etfictum
1003 3829 1109 3888 substi-

158 3936 250 3978 tutum
272 3939 348 3988 csse3
373 3939 459 3999 quam
481 3916 629 3990 violenter,
652 3935 734 3973 nemo
757 3937 817 3976 uon
831 3914 919 3990 videt,
942 3916 1000 3996 qui
1016 3931 1109 3974 cetera

109 3996 135 4038 Ψ
161 4027 234 4086 quae
257 4019 354 4063 contra
376 4003 522 4086 Spengelii
545 4003 713 4085 opinionem
735 4001 1019 4088 supra‘monuimus,
1040 4025 1110 4085 per·
1134 4059 1139 4067 .
1196 4017 1198 4024 ·

159 4091 301 4174 penderit.
