2708 4768
521 317 588 386 203

33 487 62 573 d,
83 483 179 580 qnod
202 483 311 554 voluit
331 483 575 579 Gorsinua'(F.
596 487 638 554 A.
661 481 739 554 diss.
761 487 861 568 VIII,
894 488 974 580 18),
981 491 1076 558 cuius

34 593 177 662 rationes
206 589 286 656 satis
316 589 471 658 relutmit
499 589 646 660 Boeclth.
678 588 910 683 l.c.p.117.
954 595 1078 662 Melio-

35 719 103 768 rem
133 695 344 764 Corsiniana
365 695 530 764 rationem
556 711 688 762 secutus
718 696 845 766 Potitus
875 695 975 790 (legg.
1007 685 1084 766 Att.

38 801 103 882 ΙΙΙ,
124 799 163 885 d,
198 801 236 882 8)
266 822 393 865 annum
422 796 561 892 Olymp.
591 797 655 866 CX
670 797 864 875 ,secuudum
891 801 1077 886 constituit3

42 905 172 994 eiusque
196 903 315 996 opinio
337 902 443 970 rideri
463 900 650 994 probabilis
663 905 779 996 possit.
821 901 953 972 Bellum
974 908 1078 987 enim,
1128 919 1130 924 ’

43 1005 126 1100 quod
159 1008 256 1074 inter
275 1007 427 1098 Byzantii
454 1006 663 1074 obsidionem
679 1006 823 1102 olymp.
847 1008 910 1076 CX
932 1031 961 1078 a.
987 1033 999 1076 ι
1026 1009 1080 1075 in·

42 1128 131 1179 eunte
162 1127 345 1192 exarserat,
373 1135 480 1204 usque
511 1110 554 1178 ad
582 1110 721 1204 Olymp.
745 1112 825 1193 CX,
854 1137 874 1179 a
902 1113 1081 1181 Hecatom·
1171 1107 1172 1114 Ι

40 1215 199 1282 baconem
227 1216 299 1282 fere
328 1215 521 1305 gerebatur,
553 1239 622 1307 quo
653 1239 770 1283 mense
796 1215 975 1311 Philippus
1001 1243 1079 1285 cum

43 1319 300 1399 Atheniensibus
327 1320 512 1412 ceterisque
541 1319 678 1387 Graecis
699 1336 815 1413 pactus
838 1337 896 1388 est.
940 1321 983 1388 V.
1006 1345 1079 1414 cap.

44 1448 87 1518 aq.
128 1424 292 1492 Attamen
317 1439 395 1517 post
422 1423 527 1490 breve
545 1425 705 1516 temporis
737 1428 884 1517 spatium
911 1451 1016 1518 quum
1038 1427 1080 1491 ab

45 1527 342 1620 Amphictyonibus
369 1524 523 1596 adversus
554 1527 808 1622 Amphissenses,
840 1546 925 1597 esset
945 1531 1082 1612 accitus,

49 1631 216 1698 Graeciam
239 1631 349 1725 ipsam
368 1631 475 1719 petiit,
498 1632 535 1697 in
557 1654 699 1724 eamque
719 1655 834 1701 mense
855 1635 924 1700 iam
935 1633 1083 1701 Bocdro-

51 1738 147 1804 mione
180 1734 323 1829 Olymp.
355 1734 434 1814 CX,
469 1759 489 1802 a
519 1735 673 1802 traiicere
700 1733 916 1819 moliebatur,
931 1791 934 1794 .
952 1739 1082 1830 quippe

48 1863 106 1932 quo
126 1842 238 1910 socios
266 1837 528 1932 Peloponnesios
555 1855 697 1908 armatos
726 1863 843 1911 secum
868 1841 906 1908 in
932 1839 1082 1909 Phocide

48 1947 219 2020 convenire
243 1943 387 2026 iusserit,
409 1942 447 2011 id
464 1941 556 2037 quod
569 1968 640 2037 cap.
653 1969 704 2040 sq.
725 1945 970 2013 accuratissime
985 1933 1083 2014 mon·
1130 1933 1132 1940 '

46 2050 228 2118 strabimus.
275 2044 405 2116 Eodem
432 2071 547 2115 meuse
575 2073 682 2142 quum
713 2046 768 2117 lex
801 2072 937 2143 qaoque
958 2051 1084 2121 Demo·

48 2151 162 2221 sthenis
185 2151 404 2222 trierarchica
430 2150 497 2219 lata
523 2154 581 2234 sit,
614 2153 753 2222 omnino
769 2153 951 2247 'probabile
976 2153 1084 2223 videri
1113 2174 1115 2182 ’

45 2260 159 2346 possit,
194 2257 258 2324 illa
282 2258 486 2350 praesertim
526 2255 721 2350 Philippi
709 2261 947 2350 impressione,
969 2282 1083 2352 quum

49 2361 272 2428 renovandum
294 2362 404 2429 statim
426 2359 552 2426 bellum
566 2378 660 2443 esset,
682 2362 944 2466 Demosthenem
965 2361 1008 2428 ad
1030 2387 1085 2428 or·
1177 2433 1180 2438 ,

50 2462 225 2545 dicandam
256 2465 483 2532 trierarchiam
512 2453 691 2531 excitatum
719 2489 805 2549 esse,
833 2468 960 2559 quippe
990 2467 1085 2533 cuius

50 2570 192 2659 priorem
219 2569 343 2636 malam
379 2567 608 2637 conditionem
643 2593 732 2637 anno
762 2575 957 2662 praesertim
986 2593 1085 2664 Supe-
1138 2611 1140 2614 ·
1233 2619 1236 2630 ,

52 2673 125 2748 riori
169 2673 440 2768 expeditionibus
471 2673 681 2768 ‘Byzantium
719 2675 827 2742 missis
869 2674 1084 2766 cognovisset.

54 2777 145 2861 Quod
173 2781 201 2846 si
233 2777 349 2858 fuerit,
370 2776 514 2858 bellum,
541 2773 608 2871 quo
636 2776 720 2870 legis
747 2801 824 2846 suae
849 2780 1087 2872 praestantiam

53 2883 219 2972 probatam
242 2907 310 2950 esse
328 2883 569 2950 Demosthenes
591 2879 750 2978 gloriatur
771 2883 819 2976 (p.
843 2884 929 2966 262),
951 2883 1089 2951 nonnisi

55 2991 213 3074 posterior
266 2987 369 3054 fuerit
416 3011 493 3081 pars
541 2985 625 3053 belli
668 2989 759 3084 inter
795 2987 955 3082 'Byzantii
999 2987 1089 3054 obsi-

57 3086 195 3173 dionem,
221 3091 360 3182 Olymp.
374 3091 451 3172 CX,
478 3115 488 3158 1
516 3091 664 3172 ineunte,
686 3092 859 3175 renovati,
873 3088 910 3156 id
932 3090 1027 3185 quod
1047 3091 1087 3158 eo

57 3198 151 3286 magis
178 3195 360 3266 verisimile
388 3195 497 3264 videri
522 3196 641 3288 possit,
674 3194 769 3288 quod
796 3193 905 3286 legem
926 3193 1014 3262 hanc
1035 3210 1089 3261 tu·
1140 3277 1141 3280 Ἴ

58 3292 127 3365 lisse
155 3323 189 3368 se
219 3318 291 3368 tum
314 3298 413 3382 dicit,
442 3315 619 3393 postquam
648 3301 798 3366 restituta
826 3298 1089 3380 Euboeensibus,

59 3399 217 3492 Byzantiis
251 3422 284 3471 ct
306 3403 547 3493 Chersonesitis
574 3402 681 3470 salute
706 3403 928 3496 libertateque
958 3403 1091 3494 egregio

61 3503 97 3570 de
116 3532 152 3575 re
173 3509 313 3603 publica
334 3509 528 3576 meruisset:
545 3534 586 3602 p.
608 3507 684 3577 260.

137 3613 296 3688 Attamen
317 3613 557 3681 Demosthenes
579 3611 683 3680 πάντα
703 3613 760 3679 τὸν
780 3610 924 3696 πόλεμον,
949 3611 1005 3689 ait,
1027 3616 1091 3676 τῶν

62 3708 236 3784 ἀποστόλων
256 3719 441 3846 γιγνομένων
462 3716 542 3784 κατὰ
563 3742 619 3784 τον
646 3715 820 3802 νόμονν
764 3715 820 3786 τὸν
841 3715 935 3800 ἐμόν,
951 3715 1008 3798 οὐχ
1029 3715 1092 3780 ἱκε-

63 3839 115 3904 τηρ
118 3821 166 3886 ίαν
195 3811 288 3907 ἔθηκε
314 3820 503 3910 τριήραρχος
531 3820 631 3899 οὐδεὶς
658 3847 686 3886 κ.
708 3837 738 3887 t.
760 3827 792 3887 A.
812 3820 860 3911 (p.
883 3819 968 3901 262).
1013 3815 1093 3884 Plu-

66 3919 124 3986 ries
152 3926 254 4015 igitur
289 3924 405 4004 classes
440 3949 483 3991 ex
511 3949 597 3992 nova
627 3918 839 3989 trierarchiae
867 3924 999 4018 ratione
1030 3946 1093 4014 per

65 4019 186 4093 bellum
199 4027 293 4126 illud
315 4031 451 4097 emissae
474 4046 561 4096 sunt.
606 4027 723 4095 Nolim
747 4028 840 4092 enim
869 4020 904 4096 in
927 4033 990 4092 τῶν
1012 4025 1093 4091 ἀπο-

71 4126 193 4198 στόλων
208 4153 240 4200 et
268 4133 370 4200 πάντα
396 4133 453 4202 τὸν
479 4131 615 4218 πόλεμον
642 4153 769 4200 meram
796 4117 1003 4223 hyperbolen
1030 4147 1096 4195 sta·
