2706 4782
782 295 869 362 rtr'
941 315 944 322 ’

287 479 324 538 et
350 488 395 536 ex
420 458 581 562 Philippi
608 460 764 563 epistola
772 487 803 555 ,²
819 465 906 563 quin
932 464 1017 563 ipso
1044 462 1168 562 etiam
1193 465 1341 537 Demo-

286 583 425 660 sthenis
452 581 662 658 confirmari
695 582 868 675 decreto,
904 581 1007 683 quod
1039 599 1125 683 post
1161 583 1351 658 Elateam

288 721 434 804 captam
469 701 758 806 scriptumest,
794 705 849 780 01.
876 709 955 795 CX,
983 730 1004 778 a
1033 701 1340 806 Scirophorione

284 828 386 917 xvi,
422 825 609 900 silentium
641 842 765 918 autem
790 825 884 900 illud
911 841 1098 902 oratorum
1122 852 1210 902 non
1241 825 1338 902 adeo

248 937 253 946 1
285 945 373 1022 Tibi
398 971 508 1047 grave
541 947 685 1038 ¹videri,
702 952 843 1050 quippe
870 946 932 1022 de
943 973 1038 1048 pace
1066 961 1103 1022 et
1128 974 1211 1023 non
1241 947 1339 1020 diu-

150 1130 166 1148 .
283 1071 360 1142 tina
395 1085 431 1140 et
464 1091 552 1144 sane
588 1072 775 1170 speciosa,
815 1073 853 1142 in
886 1069 959 1147 his
984 1071 1075 1142 Tuis
1115 1067 1351 1196 rationibus

87 1267 93 1282 ,
207 1262 211 1268 ,
284 1191 434 1264 omnino
477 1190 570 1266 mihi
609 1189 919 1292 acquiescendum
961 1194 1105 1291 opinor
1171 1197 1336 1266 Praeter

283 1309 376 1385 haec
403 1313 530 1386 aTuis
544 1311 647 1386 haud
671 1314 821 1384 minime
849 1337 892 1386 ea
919 1309 1203 1405 dissentiebant,
1230 1337 1333 1413 quae

283 1457 364 1530 cap.
394 1435 431 1505 11.
459 1457 494 1529 9.
520 1433 569 1508 de
595 1431 745 1507 duobus
760 1431 895 1508 Calliae
912 1431 1072 1506 decretis
1098 1457 1121 1506 a
1144 1457 1206 1504 me
1239 1451 1334 1508 sunt

284 1556 472 1653 copiosius
500 1551 696 1654 disputata.
749 1551 823 1628 Sed
850 1553 951 1655 quod
976 1553 1040 1627 illa
1066 1553 1114 1630 ad
1139 1552 1193 1626 01.
1211 1558 1333 1647 CVII,

264 1677 308 1751 ‘3
342 1674 537 1794 referenda
572 1673 733 1750 iudicavi
776 1673 826 1749 ob
868 1673 1101 1748 Salaminiam
1141 1657 1351 1775 pugnam,

283 1821 380 1898 quae
409 1798 446 1870 in
472 1796 587 1870 altero
616 1795 766 1870 decreto
794 1811 1119 1888 commemoratur,
1145 1787 1351 1916 mihique

282 1917 332 1992 ud
367 1919 582 1992 Salaminem
616 1919 731 2016 Cypri
766 1920 961 1992 commissa
993 1918 1069 1992 visa
1101 1930 1174 2004 est,
1206 1912 1249 1988 id
1283 1879 1351 1991 ct1

282 2055 362 2112 tum
396 2063 472 2111 non
504 2040 584 2112 sine
619 2037 849 2113 dubitatione
891 2037 1055 2129 iudicati,
1088 2049 1125 2108 et
1158 2035 1329 2111 omuino

177 2247 180 2250 ¹
274 2144 559 2260 reprobandum
585 2185 669 2236 esse
695 2164 871 2262 cognovi,
906 2185 1023 2261 quum
1048 2161 1117 2248 Tu,
1144 2181 1210 2230 cur
1235 2180 1323 2233 non

282 2281 329 2373 de
364 2281 459 2357 urbe
493 2285 630 2384 Cypria
665 2282 736 2356 sed
777 2282 825 2358 de
860 2281 979 2356 insula
1020 2278 1201 2367 Salamine
1228 2279 1321 2353 Tibi

241 2449 246 2458 ·
279 2405 519 2506 cogitandum
550 2404 752 2496 videretur,
786 2397 920 2477 clarius
953 2427 1023 2503 per
1054 2401 1191 2476 litteras
1223 2399 1351 2524 11111111

278 2530 511 2630 aperuisses,
551 2553 688 2628 meque
725 2525 836 2600 simul
871 2523 920 2598 ad
955 2525 1218 2598 accuratiorem
1258 2497 1351 2632 1111

280 2649 570 2747 explorationem
598 2649 806 2720 excitasscs.

382 2771 482 2839 Haec
507 2767 618 2866 igitur
644 2783 681 2840 et
707 2793 804 2870 quae
832 2767 878 2841 de
905 2765 1108 2868 prioribus
1109 2763 1182 2838 illis
1208 2757 1316 2834 duo·

278 2887 350 2961 bus
376 2886 534 2962 decretis
561 2903 642 2963 ante
681 2905 880 2970 statueram
920 2903 1114 2962 retractata
1147 2885 1351 2958 invenies

277 3011 317 3082 in
342 3009 428 3084 libri
454 3013 528 3083 mei
553 3010 726 3112 Epilogo.
778 3018 900 3112 Atque
932 3009 981 3084 de
1015 3007 1150 3083 Calliae
1178 2999 1351 3079 decre-

277 3133 324 3204 tis
349 3157 466 3207 novas
492 3135 652 3227 rationes
678 3157 778 3208 meas
811 3134 863 3206 ita
892 3135 1068 3233 primurn
1081 3128 1246 3228 exposui,
1269 3139 1312 3198 ut

276 3256 415 3327 Tecum
448 3281 470 3327 a
504 3280 563 3326 me
591 3255 893 3346 communicatae,
919 3277 942 3326 a
967 3257 1021 3326 Te
1048 3247 1307 3348 comprobatae

276 3389 369 3448 sunt.
422 3378 503 3445 Non
529 3389 651 3448 tamen
677 3379 715 3457 in
740 3373 800 3449 his
826 3376 915 3450 solis
942 3389 978 3450 et
1005 3373 1060 3447 01.
1087 3373 1176 3461 CVI,
1206 3395 1239 3460 1,
1262 3365 1312 3441 ad

275 3520 386 3596 quem
412 3498 478 3566 Tu·
496 3517 633 3568 annum
661 3519 704 3569 ea
730 3495 924 3592 referenda
953 3494 1101 3585 duxisti,
1126 3491 1219 3566 mihi
1242 3515 1310 3564 ac-

234 3698 238 3702 ,
275 3614 547 3716 quiescendum
574 3613 791 3692 videbatur..
808 3647 810 3653 ·
828 3616 1015 3719 offerebat
1038 3618 1135 3690 enim
1150 3611 1309 3688 difficul-

273 3753 385 3812 tatem
420 3735 567 3810 alterius
600 3735 738 3812 decreti
780 3738 1024 3814 Charidemus
1064 3752 1231 3840 praetor,
1260 3730 1305 3803 de

275 3881 351 3957 quo
388 3874 601 3956 temporum
633 3883 744 3934 causa
782 3859 829 3934 id
864 3857 1016 3936 omnino
1059 3852 1309 3959 quaerendum
1350 3857 1351 3900 ³

275 3995 363 4070 erat,
390 3979 727 4084 11111111111101111
755 3997 853 4056 esset
871 4007 917 4056 an
933 3980 1178 4056 Atheniensis.
1231 3973 1311 4048 Ad·-

273 4090 352 4176 didi
389 4101 501 4199 igitur
534 4104 800 4178 accuratiorem
834 4103 882 4177 de
910 4100 1135 4178 Charidemo
1162 4096 1312 4198 disqui-
