2694 4784
502 323 584 388 123·

50 493 138 562 acuhe
150 489 336 584 indignati3
358 489 534 559 obstabant
546 490 585 558 in
595 485 1058 584 PeloponnesoLacedaemo·

49 603 91 681 nii,
109 597 145 664 ad
157 597 333 688 pristInam
349 595 581 664 auctoritatem
593 591 800 689 adspirantes
822 594 957 688 ipsique
978 594 1059 668 Phi·

50 705 117 796 lippo
140 717 276 794 propter
305 699 531 768 Phocensium
558 696 690 767 cladem
717 716 963 785 succensentes,
997 700 1058 768 ob-
1121 769 1124 779 ,

51 809 124 874 stabat
143 803 290 898 denique
316 802 527 896 reliquarum
553 804 654 870 etiam
681 801 866 870 civitatium
894 802 1056 885 conditio,

54 909 179 976 intestinis
212 907 338 990 turbis,
366 908 507 974 maxime
529 907 741 1000 optimatium
773 905 1057 1001 populariumque
1118 994 1121 1000 Ι

56 1011 249 1080 certaminibus
272 1012 400 1104 agitata.
446 1011 513 1078 Has
540 1012 644 1103 igitur
671 1011 784 1078 turbas
806 1013 924 1104 primis
946 1013 1057 1080 statim

50 1136 102 1210 post
118 1115 284 1184 Phocense
312 1113 477 1184 excidium
507 1115 604 1184 annis
634 1137 852 1207 componere,
882 1133 916 1184 et
951 1141 1057 1210 quum

49 1223 110 1312 ipsae
145 1219 354 1312 singularum
395 1221 580 1287 civitatium
618 1218 776 1287 sactiones
811 1221 881 1286 eius
917 1222 1077 1312 gratiam*

49 1342 222 1416 quaererent,
245 1323 431 1418 auxiliaque
453 1323 688 1417 implorarent,
713 1323 770 1391 hic
792 1326 960 1418 oppressis
982 1349 1057 1392 suc-

28 1452 158 1510 currem,
179 1427 251 1496 illic
274 1426 557 1496 eorumadiuvare
569 1427 742 1497 molimina
755 1429 949 1512 conabatur,
973 1454 1055 1523 quos

48 1532 153 1600 consilia
173 1558 232 1601 sua
254 1535 381 1628 optime
404 1534 582 1626 agitaturos
613 1556 683 1600 esse
705 1534 874 1626 sperabat,
897 1531 935 1600 id
956 1558 1056 1625 agens

47 1637 150 1730 nhique,
171 1655 210 1706 ut
231 1661 294 1731 per
314 1638 503 1705 universam
519 1635 696 1711 Graeciam
717 1663 810 1704 suam
827 1639 1056 1706 auctoritatem
1145 1685 1155 1726 .·

47 1739 181 1810 stabiliret
228 1741 312 1809 Inde
333 1744 371 1810 in
393 1742 664 1846 Peloponnesum
685 1739 834 1836 ingredi,
857 1759 897 1809 ut
915 1741 1057 1808 Arcadi-

47 1843 94 1923 has,
112 1847 249 1938 Argivis,
272 1847 447 1914 Messeniis
476 1844 630 1913 adversus
653 1845 933 1914 Lacedaemonios
955 1854 1056 1940 opem

47 1946 130 2030 ferret,
162 1953 308 2043 Megaris
336 1952 547 2045 optimatium
574 1947 682 2018 studia
711 1950 882 2032 adiuvare,
913 1953 953 2018 in
987 1951 1057 2018 Eu-

47 2049 103 2118 hoca
120 2071 277 2147 tyrannos
298 2057 473 2124 instituere
493 2055 706 2124 moliebatur.
757 2056 885 2140 Quibus
913 2056 1056 2150 inceptis

47 2154 250 2241 Athenienses,
278 2161 458 2252 instigante
479 2160 515 2225 in
538 2160 659 2253 primis
681 2161 924 2242 Demosthene,
954 2163 1056 2229 totius
1128 2205 1132 2212 -

49 2256 172 2330 Graeciae
198 2263 348 2332 libertati
374 2262 513 2331 insidias
544 2288 681 2357 parare,
714 2288 874 2356 suamque
905 2267 1058 2358 ipsorum

49 2362 153 2436 salntem
173 2372 211 2438 in
235 2367 416 2436 discrimen
437 2385 554 2435 vocare
570 2363 766 2460 Philippum
781 2369 1056 2436 criminabantur.

28 2499 29 2530 t
52 2466 88 2532 hd
100 2495 284 2540 communes
311 2471 385 2539 illas
414 2495 525 2538 causas
554 2470 758 2539 accedebant
782 2471 874 2564 apud
900 2496 956 2540 eos
976 2499 1058 2566 pro·

28 2575 29 2582 '
53 2573 99 2659 pria
113 2577 350 2670 indignationis
372 2592 556 2644 momentus
580 2593 741 2669 occupata
756 2576 845 2642 inter
867 2578 976 2668 ipsam
996 2601 1057 2670 pa-

51 2674 80 2740 th
94 2685 275 2771 pactionem
295 2681 459 2748 'Ibraciae
487 2675 638 2765 castella,
669 2697 704 2748 et
729 2677 838 2746 insula
859 2679 1056 2762 Halonesus,

50 2800 120 2867 quam
144 2813 229 2882 pace
255 2788 323 2854 iam
361 2789 436 2853 iure
471 2783 615 2854 iurando
653 2774 851 2852 confirmata
878 2783 1056 2878 Philippus

28 2882 79 2948 teis
95 2889 243 2986 abripuit.
290 2893 400 2976 Quam
422 2891 465 2959 ob
487 2913 560 2956 rem
574 2889 794 2989 legationibus
817 2891 856 2956 in
880 2887 1059 2956 Graeciam
1128 2942 1131 2946 .

48 2993 222 3090 maximeque
251 2998 289 3064 in
316 2994 588 3089 Peloponnesum
614 2995 724 3062 missis
755 2994 902 3062 civitates
931 3018 951 3058 a
978 2994 1059 3062 Phi-

48 3084 108 3185 lippi
133 3099 249 3169 studiis
272 3121 407 3168 avocare
434 3098 531 3170 etad
556 3097 685 3180 bellum
708 3101 740 3166 ei
763 3099 987 3167 communiter
1004 3100 1058 3164 in-

48 3191 191 3272 serendum
214 3207 358 3271 excitare
380 3190 597 3284 conabantur.
642 3200 823 3296 Philippus
846 3221 960 3270 contra
976 3205 1059 3272 mis·

28 3298 76 3380 ,tis
91 3311 209 3402 saepius
232 3307 380 3377 Athenas
411 3307 528 3400 legatis
558 3303 692 3374 causam
717 3331 813 3373 suam
834 3308 980 3400 probare
1000 3332 1062 3376 vo«

48 3397 124 3492 lebat,
153 3431 259 3508 utque
288 3415 527 3482 controversias
556 3413 629 3479 iu're
661 3435 775 3479 secum
807 3431 1058 3504 componerent,

51 3504 236 3586 ichenienses
265 3517 477 3611 provocabat.
536 3507 624 3585 sed‘
639 3514 717 3584 talia
748 3515 890 3584 Athenis
924 3516 1059 3608 explosa

28 3617 123 3707 ‘uagis
145 3642 230 3704 sunt,
254 3647 357 3714 quam
379 3620 503 3688 audita.
547 3618 685 3714 Olymp.
708 3620 811 3712 igitur
828 3619 919 3702 CIX,
941 3621 963 3707 4
985 3639 1059 3688 tan-

48 3709 102 3784 dem
121 3723 357 3795 Demosthenes
379 3743 544 3812 assecutus
567 3742 625 3806 est,
647 3742 686 3791 ut
706 3727 807 3792 missa
826 3727 864 3793 in
885 3725 1059 3797 Euboeam
1096 3711 1100 3731 ’
1166 3751 1171 3764 ·

49 3824 231 3908 expedicione
264 3831 395 3915 Oreum
428 3830 662 3921 Eretriamque
696 3830 916 3896 Athenienses
952 3855 972 3896 a
1005 3849 1059 3930 ty3

28 3927 134 4016 ,cannis
155 3930 351 4016 liberarent,
383 3937 443 4027 qui
464 3933 618 4026 Philippi
640 3933 765 4001 auxilio
792 3955 922 4004 summa
942 3959 1059 4008 rerum

47 4029 124 4106 potiti
153 4025 253 4106 erant'.
297 4037 427 4105 Eodem
454 4062 543 4105 anno
578 4062 684 4136 quum
711 4037 888 4134 Philippus
917 4038 1059 4140 impres.

48 4124 120 4199 sione
139 4139 173 4206 in
195 4139 404 4236 Hellesponti
430 4145 582 4236 regiones
611 4141 696 4216 sacta
717 4143 909 4218 Perinthia
929 4146 1059 4244 Byzan·
