2694 4784
265 383 468 509 mirtheum,
492 428 580 494 etin
604 443 748 521 utroque
770 429 895 526 legatos
916 446 1083 498 maturare
1115 430 1180 498 iter
1202 432 1309 499 iussis-

268 553 329 615 set,
354 534 529 621 utriusque
550 531 699 624 profecto
722 536 816 601 etin
838 549 920 602 orat
944 529 996 600 de.
1018 559 1064 600 m.
1087 559 1119 628 g.
1141 530 1206 626 leg.
1230 553 1265 604 et
1276 536 1310 602 in

266 655 380 706 nostre
402 635 445 704 de
467 659 535 703 cor.
560 635 765 704 mentionem
786 637 927 704 fecisset
1063 627 1066 642 ’

354 741 425 812 Iam
446 740 568 830 igitur,
600 738 692 832 quod
718 739 893 834 reliquum
915 755 980 820 est,
1002 756 1042 810 nt
1062 739 1106 808 ad
1126 739 1311 834 legatorum

269 869 452 914 numerum
472 861 656 911 revertatur
683 845 808 927 oratio,
832 843 1083 938 respiciendum
1110 846 1210 914 nobis
1239 866 1311 914 ante

262 935 381 1016 'omnia
402 946 447 1014 ad
468 945 560 1016 aliud
582 947 752 1016 decretum
773 948 907 1017 videtur
928 971 1014 1030 esse,
1037 966 1193 1018 e-nostro
1216 975 1312 1044 pror-

266 1077 321 1118 sus
345 1051 528 1134 diversum,
552 1049 645 1146 quod
666 1052 849 1121 Aeschines
871 1069 1035 1120 memoret
1056 1081 1089 1122 π.
1111 1080 1251 1144 παραπρ.
1273 1081 1307 1150 p.

265 1157 319 1240 4ο.
342 1179 387 1221 m.
433 1156 547 1239 Quum
562 1157 654 1222 enim
666 1153 765 1248 legati
781 1157 919 1226 alteram
933 1155 1137 1251 legationem
1150 1148 1308 1226 ebeuntes
1333 1193 1334 1210 ι

266 1262 306 1326 in
329 1259 565 1354 Macedoniam
587 1259 811 1344 advenissent,
840 1283 963 1354 resque
991 1263 1058 1330 itm
1084 1264 1122 1328 in
1149 1287 1195 1354 co·
1221 1281 1306 1345 esset,

264 1381 304 1430 ut
337 1387 416 1431 cum
445 1363 605 1457 Philippo
638 1388 678 1431 ex
707 1363 854 1432 Thracia
884 1365 988 1435 modo
1019 1389 1153 1434 reverso
1183 1364 1231 1435 de
1263 1371 1304 1448 iis,
1334 1318 1335 1398 i

266 1493 352 1562 quae
373 1467 518 1562 populus
541 1469 703 1552 iussisset,
731 1487 902 1562 ageretur,
929 1472 1107 1540 recitatum
1132 1488 1234 1540 entes
1261 1495 1309 1541 co-

192 1586 194 1596 '
262 1597 339 1639 ram
378 1572 495 1666 legatis
531 1570 704 1641 decretum
745 1573 930 1642 Aeschines
967 1576 1086 1657 refert,
1126 1575 1307 1644 secundum
1335 1580 1336 1596 ¹

264 1677 358 1770 quod
379 1703 433 1748 eos
455 1700 595 1764 munere
618 1681 665 1756 eis
695 1675 896 1745 demandato
925 1679 1084 1772 perfungi
1109 1681 1308 1772 oportuisset

240 1782 461 1872 Ι(ἀνεγνώσθη
482 1785 541 1868 μὲν
562 1783 598 1848 τὸ
621 1783 784 1872 ψήφισμα,
818 1785 894 1850 καθ’
915 1783 932 1849 ὃ
954 1783 1227 1872 ἐπρεσβεύσαμεν).
1273 1785 1310 1852 In

263 1888 329 1954 hoo
352 1889 545 1978 consignata
568 1888 682 1954 omnia
704 1887 864 1955 caruisse
895 1887 1108 1957 manifestum
1130 1905 1197 1971 est,
1227 1911 1309 1982 qnee

260 1977 406 2085 liopulus
429 1994 467 2059 in
490 1990 693 2060 Macedonia
714 1993 850 2083 exsequi
871 1988 995 2084 legatos
1016 1991 1172 2060 volucrit
1193 2013 1239 2048 ¹·-
1262 1996 1308 2061 καὶ

261 2095 303 2160 τὰ
325 2095 495 2182 τεταγμένα
516 2093 591 2180 ἡμῖν
615 2095 696 2184 πρὸς
714 2101 760 2186 τῷ
787 2093 861 2172 τοὺς
883 2096 994 2183 ὅρκους
1021 2095 1192 2181 ἀπολαβεῖν
1214 2123 1310 2183 σννη-

263 2199 478 2284 ριθμοάμεάα.
508 2238 553 2252 -
579 2198 670 2266 εἷπον·
697 2200 932 2284 συνειλεγμένων
960 2207 1025 2268 τῶν
1051 2201 1227 2288 πρέσβεων,
1258 2201 1308 2268 ὅτι

259 2330 315 2388 μοι
344 2305 511 2390 ἀοκοῖησαν
539 2303 576 2370 τὸ
604 2303 750 2390 μέγιστον
777 2302 960 2391 πράςταγμα
987 2309 1045 2370 soii
1072 2303 1172 2390 δῆμον
1197 2305 1305 2382 δεινοῖς

261 2411 383 2495 ἀγνοεῖν
404 2447 465 2474 -.
493 2409 530 2475 τὸ
558 2409 697 2495 μὲνγὰρ
728 2407 803 2485 τοὺς
828 2407 940 2496 ὅρκους
961 2409 1132 2490 ἀπολαβεῖν
1159 2409 1207 2475 καὶ
1233 2409 1304 2496 περὶ

259 2520 323 2579 τοῖν
345 2514 447 2580 ἀλλων
469 2517 688 2599 διαλεχθῆναι,
716 2515 860 2600 καὶπερὶ
888 2521 952 2580 τῶν
974 2510 1180 2602 αἰχμαλώτων
1201 2515 1306 2598 εἰπεῖν,

250 2619 309 2682 παλ
332 2620 358 2683 εἰ
378 2616 452 2692 τοὺς
472 2614 629 2704 ὑπηρέτας
658 2616 840 2703 ἔπεμψενῆ
871 2617 976 2698 πόλις,
1010 2621 1176 2704 περιθεῖσα
1203 2620 1308 2686 πίστιν

259 2720 367 2797 αὐτοῖς
373 2771 385 2802 ,
421 2718 532 2786 ἅπαντ’
553 2720 594 2786 ἀν
622 2727 805 2807 πραχθῆναι
839 2722 955 2804 νομίζω
990 2757 1052 2788 -.
1081 2719 1248 2808 ἀφίγμεθα
1283 2725 1309 2788 δ’

256 2821 347 2908 ἡμεῖς
369 2825 490 2909 ἔχοντες
510 2831 567 2891 τοῦ
589 2822 692 2909 δήμου
712 2824 875 2913 ψήφισμα,
900 2827 932 2890 ἓν
954 2815 980 2915 ᾧ
1000 2825 1181 2912 γέγραπται·
1203 2825 1308 2914 πράτ-

214 2933 217 2946 ’
249 2951 322 2993 ταν
343 2930 378 2994 ἀὲ
398 2927 474 3005 τοὺς
494 2919 639 3015 πρέσβεις
659 2931 709 2994 καὶ
732 2929 799 2996 ἀλλ’
823 2929 851 3009 ὅ,
875 2954 905 2994 τι
926 2929 968 2996 ἀν
989 2929 1140 2995 ἀάνωνται
1169 2927 1304 3014 ἀγαθόν.

258 3032 311 3097 Ex
331 3031 383 3098 his
406 3034 510 3128 igitur
529 3031 638 3124 liquet
658 3033 773 3124 legatis
795 3048 928 3124 praeter
937 3032 1112 3125 legationis
1128 3055 1306 3114 summam,

260 3161 345 3229 quae
367 3137 405 3202 in
426 3138 500 3203 iure
522 3137 665 3206 iurando
682 3135 845 3230 exigendo
860 3138 968 3227 posita
985 3152 1065 3218 erat,
1086 3134 1152 3204 alia
1166 3161 1309 3232 quoque

220 3251 226 3264 '
258 3240 414 3308 mandate
434 3239 546 3324 fuisse,
568 3259 607 3308 ut
628 3244 837 3336 captivorum
853 3239 1131 3335 redemptionem.
1153 3327 1155 3332 Ι
1178 3240 1312 3335 Cognin

256 3363 329 3412 tum
351 3362 463 3412 autem
483 3369 584 3438 supra
606 3346 674 3412 iam
697 3364 745 3414 est
767 3370 806 3413 ex
828 3345 926 3412 Dem.
951 3368 997 3415 or.
1022 3342 1064 3412 de
1093 3370 1141 3412 m.
1171 3370 1203 3436 g.
1227 3344 1308 3440 leg„

255 3449 519 3518 Demosthenem
533 3474 603 3516 non
616 3451 683 3516 nisi
697 3451 903 3543 captivorum
916 3447 1192 3516 redimendorum
1205 3473 1308 3518 causa

256 3554 460 3647 legationem
481 3553 568 3620 hanc
590 3554 724 3635 obiisse,
747 3555 852 3646 inque
873 3555 938 3620 hoc
960 3551 1030 3621 solo
1050 3554 1184 3644 negotio
1199 3552 1308 3645 plene

255 3685 353 3725 usum
387 3683 457 3728 csse
484 3676 647 3750 potestate
679 3657 924 3747 (αὐτοκράτορα)
955 3686 988 3728 π.
1016 3655 1156 3745 παραπρ.
1178 3682 1214 3748 p.
1238 3659 1303 3746 395

252 3764 312 3850 (cs,
342 3763 380 3832 ll.
410 3788 512 3856 supra
541 3761 599 3846 lt).
650 3764 833 3843 Decretum
865 3784 959 3840 vero,
992 3760 1034 3827 de
1063 3773 1131 3852 quo
1162 3762 1300 3854 egimus,

252 3868 359 3944 solam
387 3869 473 3936 iuris
507 3867 642 3942 iurandi
672 3865 829 3958 exigendi
860 3889 975 3937 cunam
1008 3864 1153 3934 exhibet.
1210 3862 1304 3948 Quid

251 3973 367 4066 igitur,
390 3973 419 4042 si
441 3973 594 4064 quinque
615 3970 715 4064 legati
738 3969 808 4058 illi,¹
837 3993 981 4062 quorum
1010 3969 1148 4036 nomine
1171 3967 1306 4036 ibidem

251 4096 385 4152 exarata
405 4093 494 4158 sunt,
517 4078 555 4143 in
577 4101 655 4143 eum
676 4075 889 4169 potissimum
910 4071 1013 4139 finem
1041 4072 1139 4144 electi
1160 4074 1241 4156 sint,
1266 4090 1305 4142 ut
