2694 4784
717 225 1027 370 AE,'

275 435 366 504 chire
377 431 504 514 liceret,
527 432 550 499 l.
563 457 635 525 cp.
651 434 714 524 357
725 457 774 526 sq.
787 433 860 506 361.
870 438 903 522 *)
933 433 974 502 Id
984 379 1135 530 pactum,
1147 459 1211 528 per
1226 438 1316 529 quod

272 537 364 636 hello
385 537 550 604 Phocensi
579 537 657 604 linis
678 539 854 631 impositus
885 557 949 619 est,
983 538 1107 606 accidit
1137 539 1316 636 Sciropho-

271 644 379 711 rionis
401 641 458 708 die
481 643 618 723 XXIII,
650 641 673 707 l.
697 666 725 710 c.
749 667 783 734 p.
806 645 880 734 359.
925 646 1173 735 Argumentum
1194 646 1317 714 Demo-

271 747 404 814 sthenes
413 745 467 812 his
479 745 589 812 verbis
602 744 712 812 affert:
734 753 774 836 τῇ
785 746 910 835 τετράδι
921 751 1093 836 φθίνοντος
1111 750 1317 836 ἓκαλησιάζετε

269 853 329 935 μίν
347 851 420 918 τόθ’
440 847 529 935 ὑμεῖς
549 852 584 918 ir
601 855 750 938 Πειραιεῖ
765 855 834 938 περὶ
857 859 920 920 τῶν
936 856 974 918 ‘iv
995 863 1062 930 τοῖς
1082 855 1237 940 νεωρίοις·
1265 849 1317 942 ἧκε

271 957 306 1022 dl
326 954 486 1042 Δερκύλος
506 957 539 1021 ix
560 958 736 1038 Χαλκίδος,
759 959 811 1023 καί
834 955 1014 1042 ἀπήγγειλεν
1034 953 1119 1040 ὑμῖν)
1144 956 1192 1024 ὅτι
1214 959 1316 1026 πάντα

269 1059 312 1126 τὰ
332 1059 488 1148 πράγματ’
509 1061 686 1146 ἐγκεχείρικε
706 1061 859 1145 Θηβαίοις
880 1056 1078 1142 ὃΦιλιιτιιος,
1101 1063 1316 1149 καλιπίμιιτην

270 1161 348 1232 εἶναι
369 1163 487 1250 ταύτην
506 1160 627 1250 ἡμέραν
649 1165 788 1249 ἐλογίζετ’
809 1162 866 1252 ἀφ’
888 1155 928 1230 οὗ
944 1162 1105 1250 γεγόνασιν
1126 1167 1160 1232 αἱ
1182 1171 1315 1234 σπονδαί

269 1275 315 1361 (p.
338 1267 428 1357 360).
473 1267 547 1335 lloc
562 1284 673 1336 autem
686 1269 813 1358 nuncio
828 1285 965 1360 accepto
981 1270 1183 1362 cognitaque
1198 1270 1314 1338 fraude

268 1371 420 1466 Philippi
440 1371 660 1440 Athenienses
682 1370 767 1441 adeo
793 1369 984 1462 indignatos
1012 1396 1082 1440 esse
1103 1378 1315 1466 perterritos-

269 1501 347 1570 que,
370 1493 408 1544 ut
424 1473 467 1547 de
487 1474 570 1544 belli
593 1477 806 1570 apparatibus
828 1474 922 1544 illico
935 1478 1128 1568 cogitarent,
1152 1476 1217 1548 alio
1243 1480 1312 1549 loco

266 1581 510 1650 Demosthenes
533 1579 643 1650 tradit.
686 1580 800 1650 Refert
829 1583 921 1648 enim·
944 1582 992 1674 (p.
1015 1583 1080 1672 378
1102 1591 1201 1676 sqq.),
1223 1605 1310 1676 post·

267 1711 371 1780 quum
401 1683 517 1754 decem
545 1685 598 1754 illi
627 1683 727 1781 legati
753 1685 838 1754 iuris
868 1684 1006 1756 iurandi
1033 1710 1129 1754 causa
1159 1688 1202 1754 ad
1232 1691 1308 1757 Phi-

264 1791 401 1887 lippum
421 1792 516 1859 missi
537 1792 754 1884 Athenasque
774 1777 902 1861 reversi
924 1789 1093 1883 populum
1120 1791 1212 1860 salsis
1235 1819 1318 1888 pro..

264 1897 375 1964 missis
396 1894 621 1989 decepissent,
644 1917 768 1989 nempe
789 1894 989 1987 PhiliPpum
1019 1893 1062 1962 ad
1084 1897 1309 1992 Themopylas

264 2003 453 2082 traiecisse,
482 2024 554 2069 non
573 1999 626 2066 ad
660 1997 851 2090 parandum
881 1991 1108 2068 Pho'censihus
1135 2003 1308 2071 interitum

262 2105 323 2174 sed
345 2106 587 2174 Thebanorum
608 2103 823 2172 insolentiam
845 2105 1056 2198 puniturum,
1082 2089 1185 2173 novos
1208 2133 1228 2173 a
1248 2133 1308 2201 po-

262 2209 345 2307 pulo
360 2209 495 2303 legatos
517 2209 641 2282 electos
664 2231 750 2290 esse,
779 2208 944 2276 nimirum
960 2211 1033 2302 ¹qui
1061 2210 1223 2305 Philippo
1250 2213 1307 2280 de-

262 2311 394 2384 cret'um
414 2311 504 2383 illud
524 2312 722 2383 Philocratis
745 2312 925 2395 truderent,
948 2337 1024 2380 cum
1046 2336 1154 2406 eoque
1175 2339 1303 2382 accura-

260 2425 326 2491 tius
345 2421 389 2492 de
402 2422 628 2491 Phoceusium
640 2417 777 2488 fortuna
795 2415 1081 2510 colloquerentur,
1111 2419 1166 2502 (cf.
1177 2421 1299 2514 August.

259 2530 294 2597 II
315 2528 360 2596 ad
381 2551 432 2596 or.
454 2527 552 2594 Dem.
574 2553 608 2593 ιι.
631 2548 772 2611 ιιαραιιρ.
795 2548 829 2615 p.
853 2523 943 2614 337).
990 2524 1083 2610 Inter
1112 2522 1172 2592 hos
1194 2527 1305 2619 ipsum

256 2659 294 2702 se
315 2649 432 2700 narrat
452 2647 601 2697 creatum
625 2651 695 2695 esse
717 2644 753 2694 et
771 2627 989 2712 Aeschinem3
1011 2651 1047 2695 se
1067 2651 1146 2696 vero
1162 2631 1305 2698 eiurasse

134 2743 140 2760 '
254 2739 480 2832 lugedunum,
522 2733 728 2802 Aeschinem
767 2750 939 2826 aegrotum
972 2756 1009 2800 se
1043 2731 1231 2822 simulasse,
1275 2753 1305 2804 et

253 2845 398 2914 stenem
432 2841 487 2907 sui
517 2837 595 2906 loco
629 2837 855 2930 proposuisse.
913 2836 1006 2905 Haec
1037 2837 1159 2931 legatio
1198 2865 1305 2934 quum

252 2949 401 3020 Athenis
422 2944 575 3024 abiisset,
608 2944 766 3036 quinque
787 2960 845 3009 aut
873 2963 931 3012 sex
957 2941 1076 3008 diebus
1101 2961 1178 3035 post
1199 2947 1303 3013 inter-

252 3057 382 3126 misse
401 3068 541 3150 pactum
564 3046 655 3117 illud
676 3045 850 3131 Phalaeci,
879 3069 946 3138 quo
973 3043 1154 3114 diiudicata
1175 3049 1221 3115 sit
1241 3049 1301 3114 mi-

250 3185 326 3232 m
346 3159 574 3230 phocensium
594 3179 685 3240 sors3
706 3153 886 3244 statimque
902 3137 1095 3243 Dercylon,
1116 3148 1304 3242 legatorum

249 3289 378 3350 un,
404 3259 573 3336 Chalcide
603 3260 769 3330 reducem
806 3254 1070 3324 Atheniensibus
1104 3255 1144 3323 iu
1180 3256 1303 3326 Piraeo

292 3589 322 3676 ’γ
338 3585 554 3654 [imbuet
571 3603 642 3646 αι
657 3579 799 3663 Phlippo
819 3591 922 3662 pactos
938 3575 1102 3636 Phocenses
1122 3572 1201 3649 dicit,
1223 3573 1303 3636 Pha-

333 3679 449 3742 lm·
468 3671 605 3740 ωιωίιο
625 3667 815 3756 γεραίρω.
836 3664 895 3724 Hic
922 3663 998 3724 enim
1025 3683 1061 3720 ex
1080 3675 1166 3746 pacto
1188 3662 1218 3720 iu
1241 3662 1303 3720 Pe-

554 3781 624 3824 outo
650 3755 782 3822 ewoitu
811 3750 950 3812 discessit.
994 3749 1062 3808 Nou
1087 3748 1185 3831 potuit
1210 3748 1298 3828 igitur

334 3877 401 3918 w
422 3849 566 3934 Phliippo
593 3859 754 3934 propterea
781 3840 906 3926 pacisci,
939 3835 1023 3920 quod
1049 3836 1127 3895 vanis
1148 3835 1295 3895 Aeschinis

335 3941 482 4023 ‚nominis
504 3933 706 4020 supraducta
726 3930 855 3994 confisus
876 3938 966 3998 essct3
992 3921 1025 3982 id
1045 3919 1130 4005 quod
1150 3918 1298 3982 contendit

332 4031 555 4102 immun,
576 4035 610 4086 ut
630 4042 668 4082 eo
690 4019 812 4082 mxime
834 4011 988 4073 adversarii
1009 4007 1185 4071 demonstret
1207 4007 1299 4092 perli-

333 4117 419 4180 ιίιιιιιι
466 4115 502 4174 r.
524 4133 560 4175 ι,
581 4125 724 4188 ww,
747 4128 779 4192 p.
803 4105 877 4166 35⁸.
