2740 4774
699 219 857 328 ἐξι-

150 481 154 490 ,
259 390 468 486 disponenda
499 409 626 476 essent3
653 393 694 458 in
724 391 833 458 verbis
860 393 908 457 ἐπὶ
941 390 1051 457 Νικίου
1082 391 1202 456 iustam
1230 391 1297 458 iam

259 494 576 590 deprehenderimus
598 493 789 576 formulam,
813 517 899 587 quae
920 497 992 561 viro
1018 492 1069 559 illi
1088 493 1189 562 'docto
1211 494 1296 560 frau-

259 602 337 668 dem
368 599 495 680 secerit,
526 618 565 667 ut
586 601 730 666 scribam
751 621 813 690 pro
837 598 994 667 archonte
1018 598 1166 678 haberet,
1190 616 1224 665 et
1245 623 1296 666 ar-

259 705 387 773 chontis
408 702 483 770 loco
506 703 646 770 decretis
668 704 844 782 insereret,
875 704 912 768 in
933 701 1002 767 illis
1025 700 1163 794 quidem
1185 700 1297 770 addita

259 811 358 878 etiam
379 831 460 875 voce
482 807 633 894 ἄρχοντος
638 859 648 889 ,
673 831 775 898 quam
794 795 921 872 ”Niciae
948 805 1038 872 huic
1056 803 1119 872 soli
1141 812 1214 872 'non
1239 805 1298 872 ad·

259 912 397 993 diderit,
429 913 558 1004 quippe
592 909 702 1004 quod,
732 927 770 976 ut
797 909 983 976 Boeckhius
1016 910 1128 976 statuit
1155 907 1187 992 (l.
1212 934 1239 976 c.
1261 935 1295 1002 p.

258 1019 324 1101 26),
351 1016 407 1082 hic
429 1018 478 1082 aa
505 1017 615 1082 Νοιίοο
645 1015 682 1080 in
703 1012 815 1082 media
844 1015 995 1082 oratione
1022 1015 1185 1105 scriptum
1205 1015 1299 1082 inre-

257 1122 386 1190 nerit'
642 1199 644 1207 γ
767 1183 769 1188 ,

344 1225 456 1314 Atque
479 1220 572 1316 quod
593 1222 656 1289 hoe
679 1224 907 1290 testimonium
930 1246 969 1288 ex
992 1223 1072 1289 actis
1090 1219 1297 1290 iudicialibus

257 1330 397 1398 omnino
419 1349 489 1392 non
510 1326 656 1418 potuisse
683 1327 754 1418 peti
785 1325 1034 1409 contendimus,
1057 1324 1152 1418 idem
1182 1324 1298 1393 eadem

258 1435 301 1502 de
324 1432 420 1500 causa
442 1427 484 1496 de
506 1430 610 1496 altero
624 1452 785 1522 quoque,
808 1429 901 1522 quod
926 1431 1007 1496 huic
1030 1429 1210 1514 antecedit,
1231 1448 1298 1497 sta-

257 1536 421 1608 tuendum
441 1535 582 1601 videtur.
626 1533 707 1615 Res,
739 1533 782 1600 ad
811 1559 913 1626 quam
939 1534 1004 1602 hoc
1030 1535 1188 1627 pertinet,
1211 1535 1299 1602 acci-

258 1642 307 1710 dit
330 1640 386 1708 ol.
421 1638 517 1705 CVII
551 1643 592 1720 (v.
616 1662 687 1730 cap.
711 1637 753 1702 ll.
777 1661 796 1724 7
818 1663 853 1729 p.
878 1639 958 1728 52),
989 1637 1059 1705 Sed
1087 1640 1200 1730 ipsum
1229 1640 1298 1706 De-

255 1745 424 1814 mostheni
451 1741 565 1808 datum
595 1759 643 1808 est
662 1740 768 1831 louge.
791 1760 918 1834 postea:
949 1751 1142 1831 μαρτυροῦσι
1171 1742 1219 1808 ὅτι
1240 1749 1298 1810 τοῦ
1355 1791 1356 1832 3

257 1848 359 1938 δήμου
381 1849 473 1915 ποτὲ
491 1846 768 1934 χειροτονήσαντος
789 1847 959 1932 Αἰσχίνην·
984 1863 1017 1912 et
1039 1847 1153 1912 datum
1175 1847 1298 1938 proha·
1355 1833 1356 1850 ³

255 1955 372 2021 hiliter
393 1951 518 2018 dixeris
544 1951 582 2016 in
612 1974 710 2016 causa
742 1949 989 2042 Ctesiphontea.
1036 1950 1135 2034 Quod
1156 1969 1195 2044 ut
1217 1975 1298 2018 con-

163 2141 167 2150 ·
255 2057 390 2138 cedam,
420 2054 647 2122 testimouium
683 2071 796 2120 tamen
828 2078 892 2146 per
921 2053 1061 2121 eandem
1096 2080 1227 2122 causam
1260 2057 1297 2122 in

256 2159 329 2230 ac'ta
351 2157 505 2226 iudicilia
524 2159 693 2248 migrasse,
716 2181 786 2228 non
813 2160 896 2225 item
924 2162 1153 2226 concesserim.
1198 2159 1298 2226 Nihil

83 2335 87 2342 ,
178 2349 182 2356 ,
256 2267 348 2334 enim
369 2263 445 2345 hoe,
467 2259 657 2344 sicutillud,
681 2285 857 2329 commune
879 2262 981 2330 hahet
1002 2288 1080 2330 cum
1096 2264 1299 2356 Ctesiphon·
1355 2325 1356 2332 ,

254 2373 299 2438 tis
321 2367 531 2474 defensione,
558 2391 670 2459 neque
697 2367 798 2433 huius
820 2389 915 2433 causa
937 2368 977 2446 ab
1001 2386 1132 2436 oratore·
1151 2369 1299 2436 affertur.
1355 2401 1356 2428 ι

256 2477 365 2560 Quam
395 2473 439 2540 ob
471 2496 543 2538 rem
564 2471 773 2563 probabilius
795 2470 1044 2539 con'iieiendum
1066 2475 1203 2566 opinor,
1230 2475 1299 2542 hoc
1355 2545 1356 2560 ,

256 2600 393 2672 quoque
426 2577 652 2642 testimonium
692 2573 807 2643 datum
842 2577 1060 2645 Demostheni
1095 2602 1165 2644 esse
1204 2580 1299 2645 brevi
1355 2653 1356 2658 η

253 2701 331 2776 post
353 2703 484 2747 causam
494 2680 648 2760 Anaxini,
671 2681 782 2772 ipsum
798 2697 836 2746 ut
848 2681 947 2748 etiam
958 2685 1081 2749 actioni
1093 2681 1207 2750 contra
1229 2685 1299 2749 Ae-

254 2786 406 2854 schinem
429 2784 472 2851 ob
494 2785 565 2850 eius
589 2808 666 2853 cum
687 2784 891 2878 exploratore
912 2779 1172 2852 familiaritatem
1200 2789 1298 2854 insti-
1355 2775 1356 2866 Ῑ

144 2905 145 2909 ’
254 2887 397 2957 tuendae
419 2887 608 2972 inservirem
631 2889 746 2981 itaque
768 2889 868 2954 simul
892 2883 970 2954 cum
990 2888 1062 2973 illo,
1085 2889 1126 2957 de
1150 2903 1217 2984 quo
1239 2916 1298 2958 su·
1355 2925 1356 2942 ι

251 3020 315 3088 pra
337 2992 588 3087 disputavimus,
609 2994 742 3088 senatui
756 3019 780 3058 a
790 2993 1014 3060 Demosthene
1031 2994 1192 3084 'traditum‘
1212 3021 1296 3079 esse,
1355 3007 1356 3018 ¹

255 3123 323 3192 quo
344 3099 461 3168 iustior
475 3116 515 3165 et
536 3099 666 3188 gravior
684 3099 913 3188 recentissima
933 3099 1014 3165 haec
1035 3099 1212 3167 Aeschinis
1234 3100 1297 3168 de-

253 3204 425 3274 nunciatio
447 3201 633 3282 videretur,
663 3204 792 3294 quippe
814 3204 875 3294 qui
898 3202 981 3269 olim
1002 3204 1068 3270 iam
1088 3203 1295 3296 proditionis
1355 3241 1356 3254 ι

251 3307 440 3400 suspicione
463 3322 593 3373 notatus
617 3304 671 3371 ob'
683 3330 823 3399 eamque
843 3333 861 3370 a
882 3307 1020 3397 publico
1044 3331 1181 3374 munere
1203 3311 1295 3402 ipso-

187 3439 192 3449 ·
249 3434 317 3506 que
349 3410 389 3476 ab
422 3410 597 3501 Areopago
629 3426 776 3476 remotus
798 3409 921 3477 luisset
971 3410 1045 3479 Hoc
1074 3431 1112 3480 ιιι
1138 3431 1293 3497 statuam,

250 3516 388 3584 trahunt
416 3537 470 3578 me
500 3507 633 3604 praeter
659 3513 767 3631 ipsam
796 3515 848 3579 rei
877 3514 1090 3607 prohabilem
1124 3519 1293 3646 rationem

249 3621 389 3686 maxime
404 3617 504 3685 verba
519 3617 708 3684 testimonio
727 3615 821 3683 alteri
832 3617 883 3683 illi
906 3612 1150 3729 adscripta:
1108 3647 1203 3686 οιοτσι
1213 3622 1292 3689 ἀπε·

250 3723 449 3824 δόθησανσι
469 3723 648 3842 μαρτυρίαι,
674 3745 758 3812 quae
781 3721 824 3788 ad
854 3722 1071 3826 utrumque
1061 3725 1291 3815 testimonium

145 3907 150 3910 ,
247 3831 417 3920 pertinere
448 3827 599 3920 suspicor
640 3825 682 3894 ob
716 3851 894 3896 numerum
925 3809 1092 3919 pluralem
1134 3855 1226 3895 συται
1256 3858 1290 3896 οιι

179 3921 184 3933 ’
246 3935 386 4020 μσριορί
385 3959 431 4015 ιιι,
467 3955 569 4028 quem
601 3928 643 3996 de
667 3953 734 3998 uno
758 3932 965 4016 testimonio,
996 3935 1057 4028 etsi
1084 3957 1102 4000 a
1131 3932 1288 4028 pluribus

248 4034 334 4120 dato,
357 4037 410 4104 vix
432 4037 591 4104 usitatum
613 4035 788 4105 inveneris.
