2706 4782
719 299 879 404 A

271 471 365 539 vium
385 463 602 535 multitudine
621 477 790 559 perquam
819 463 994 536 abundans
1021 464 1183 561 illiusque
1206 471 1326 562 regio·

271 575 324 641 nis
344 571 599 668 opulentissima
620 568 733 659 (Diod
750 571 843 653 XVl,
862 573 909 663 8),
934 594 1040 664 quum
1058 571 1101 639 ob
1119 591 1326 643 crescentem

270 679 309 745 in
337 675 409 744 dies
438 675 665 743 Macedonum
691 676 878 769 potentiam
908 673 950 742 de
982 698 1043 742 sna
1064 677 1180 767 'ipsius
1214 677 1324 746 salute

227 778 230 785 ¹
270 784 376 876 magis
397 782 572 876 magisque
593 796 772 862 metueret,
790 779 934 866 loedere
957 804 1035 847 cum
1055 780 1322 852 Atheniensibus

270 889 337 955 icto
359 887 444 954 vires
475 885 676 952 confirmare
699 883 871 978 cupiebat,
901 885 1104 977 quibuscum
1130 885 1194 952 sibi
1223 906 1323 955 antea

267 991 446 1059 inimicitia
456 987 612 1083 bellaque
624 988 889 1071 intercedebant
912 987 955 1056 de
977 987 1101 1082 quibus
1123 1013 1153 1056 v.
1167 989 1271 1058 Dem.
1285 996 1320 1058 in

264 1097 428 1164 Aristocr.
458 1117 493 1186 p.
520 1094 596 1184 669.
656 1092 727 1160 Sed
758 1086 937 1186 Philippus
969 1090 1101 1188 callidis
1125 1094 1250 1162 artibus
1290 1114 1320 1164 et

265 1200 357 1267 tanis
378 1197 459 1280 illis,
482 1222 569 1290 quae
591 1221 693 1302 supra
714 1215 897 1265 memorata
913 1215 1001 1279 sunt,
1023 1197 1194 1290 promissis
1209 1216 1318 1270 tanto-

263 1327 346 1396 pere
368 1303 432 1370 sibi
454 1304 582 1371 animos
596 1288 855 1370 Atheniensium
879 1299 1110 1394 applicaverat,
1132 1301 1262 1395 legatos
1283 1325 1318 1374 ut

265 1407 507 1501 Olynthiorum
538 1405 707 1476 inauditos
735 1405 971 1499 ablegaverint.
1030 1405 1128 1474 Dem.
1163 1408 1314 1503 Olynth.

258 1513 314 1595 ΙΙ,
342 1534 379 1606 p.
412 1535 470 1602 ι9,
505 1535 558 1580 ao.
609 1512 657 1581 At
691 1527 850 1603 occupata
863 1508 1003 1603 Pydna
1040 1510 1315 1608 Amphipolique

261 1641 370 1738 pauiu
398 1615 533 1684 bellum
563 1639 643 1684 cum
677 1615 940 1684 Atheniensibus
970 1613 1083 1710 palam
1117 1637 1315 1688 exarsurum

260 1722 328 1826 iam
350 1739 453 1805 esset,
481 1719 660 1815 Philippus
683 1721 868 1790 conciliare
896 1719 961 1802 sibi
984 1718 1167 1811 Olynthios
1196 1723 1311 1815 cupie-

214 1903 217 1916 ,
258 1805 361 1908 bat,¹
349 1828 618 1920 impetravitque,
640 1843 680 1894 ιιι
700 1850 815 1893 secum
831 1825 1023 1892 societatem
1044 1825 1180 1908 inirent,
1203 1851 1233 1892 st
1222 1827 1312 1895 Po-

258 1929 405 1998 tidaeam
425 1930 690 1998 Atheniensibus
712 1930 931 2023 abreptam''
908 1953 949 1996 us
971 1929 1175 1998 restituisset.
1204 1930 1311 2000 Diod.

259 2035 360 2116 XVI,
390 2038 422 2104 8.
467 2035 566 2100 Dem.
590 2031 734 2126 Olynth.
757 2033 807 2115 ll,
840 2056 876 2124 p.
900 2055 953 2100 ao.
998 2031 1088 2100 Phil.
1115 2035 1164 2116 11,
1193 2057 1229 2127 p.
1257 2060 1309 2127 70,

249 2161 313 2230 -71,
336 2160 386 2206 or.
408 2139 446 2205 in
468 2138 631 2205 Aristocr.
654 2161 689 2230 p.
711 2137 787 2228 659.
832 2135 991 2204 Potidaea
1006 2135 1113 2205 ¹euim
1134 2142 1308 2230 sexaginta

169 2228 176 2241 ⁴
252 2241 360 2310 modo
377 2240 566 2334 stadiorum
588 2238 762 2310 intervallo
778 2240 819 2308 ab
837 2238 988 2333 Olyntho
1002 2231 1169 2309 disiuncta
1183 2245 1304 2334 (Thuc.

254 2348 281 2430 Ι,
304 2348 362 2439 63)
386 2348 478 2416 etin
500 2343 651 2414 Pallenes
674 2346 799 2414 Isthmo
833 2347 912 2429 sita,
935 2347 1086 2439 primum
1109 2345 1301 2416 Corinthio-

128 2474 131 2479 ’
253 2477 332 2522 rum
364 2452 430 2523 suit
459 2451 607 2534 colonia,
647 2450 773 2520 deinde
806 2449 869 2518 sub
910 2467 1061 2544 tempora
1089 2452 1297 2546 Peloponne-

252 2559 333 2632 siaci
360 2556 445 2632 belli
466 2558 727 2625 Atheniensium
755 2555 920 2641 σιἰμμαχος
945 2552 1098 2642 ὖποτελῆς
1126 2557 1251 2640 (Thuc.
1273 2559 1300 2640 l,

255 2663 328 2752 56);
351 2661 586 2734 exardescente
607 2659 696 2728 bello
718 2659 864 2726 deficere
887 2660 929 2724 ab
941 2658 1203 2728 Atheniensibus
1224 2679 1301 2728 ten-

251 2767 334 2834 tavit
355 2765 477 2856 (Thuc.
501 2766 534 2847 l,
559 2767 633 2854 59),
656 2760 716 2830 'sed
738 2787 826 2832 auno
848 2761 930 2830 belli
958 2762 1125 2847 secundo,
1158 2765 1299 2861 Olymp.

251 2868 467 2950 LXXXVII,
498 2870 518 2938 3
551 2883 714 2964 occupata
741 2885 842 2936 novos
871 2867 1130 2936 Atheniensium
1159 2870 1301 2942 colonos

103 3041 106 3046 .
238 2973 389 3074 'occepit
434 2971 544 3044 Thac.
567 2973 616 3054 ΙΙ,
648 2996 699 3063 76.
744 2972 895 3041 Exeunte
923 2971 1013 3041 bello
1046 2975 1170 3041 iterum
1197 2978 1301 3044 amis-

249 3101 337 3159 sam,
373 3077 495 3148 Conon
524 3101 602 3149 cum
631 3075 750 3170 Pydna
779 3077 1006 3171 Methoueque
1033 3077 1299 3150 Atheniensibus

246 3183 402 3256 restituit
424 3182 584 3255 ΒίιιιιιοΙι
607 3183 645 3254 iu
660 3182 758 3252 Dem.
750 3206 816 3277 .p.
843 3205 892 3252 ιι.
917 3180 1053 3278 Olymp.
1071 3207 1149 3250 vero
1167 3183 1297 3267 XCIX,

246 3290 286 3382 Va
310 3285 498 3380 Olynthus,
526 3289 620 3356 cuius
642 3285 749 3354 latum
769 3285 856 3356 his
845 3309 884 3356 ιιι
911 3287 1103 3382 regionibus
1131 3302 1201 3352 erat
1231 3288 1299 3355 im-

244 3394 390 3492 perium,
412 3389 606 3466 Potidaeam
628 3415 764 3492 quoque
784 3387 956 3485 possidere
988 3391 1113 3458 dicitur
1136 3391 1297 3485 Xenoph.

190 3577 192 3582 ,
243 3487 387 3568 Hellen.
413 3496 462 3578 V,
476 3521 532 3579 2,
571 3498 621 3567 15.
679 3493 748 3564 Sed
786 3494 843 3563 Ol.
876 3495 1030 3578 ClV,1
1069 3495 1295 3565 Athenienses

244 3625 318 3675 eam
338 3599 440 3676 simul
462 3626 542 3673 cum
562 3603 698 3674 Torone
720 3601 897 3678 Timotheo
928 3600 1015 3669 duce
1036 3620 1294 3693 recuperarunt.

330 3977 372 4022 so
404 3955 504 4038 saepiu
474 3975 519 4014 ms
545 3975 561 4014 a
591 3953 802 4020 Macedonibus
830 3954 869 4014 ad
902 3953 1091 4018 Athenienses
1123 3951 1291 4016 defici.ebat

329 4043 433 4126 Ocoup
434 4057 539 4107 ιιιιιιιι
560 4041 682 4104 Conone
703 4041 862 4108 secuudum
873 4041 1040 4103 Dinarch.
1031 4065 1061 4102 ιιι
1083 4033 1235 4103 Demostb.
1256 4065 1292 4126 p

186 4175 188 4180 ·
286 4151 382 4214 tt,
402 4145 616 4219 tnucquoque
637 4129 778 4194 Athenine
779 4141 825 4194 scs
846 4127 1042 4240 possidebant.
