2642 4780
512 301 560 378 69

56 476 153 572 inperii
170 474 336 570 gerebant
380 475 420 545 In
443 472 580 544 decreto
601 471 867 544 vmoNausiclce
883 475 1060 572 copiarum

56 583 220 680 pedestrium
246 595 383 673 praetor
408 575 442 666 (ὃ
463 573 522 648 ’δαί
548 583 614 648 τῶν
642 577 759 662 ὅπλων)
792 577 934 664 elicitur,
956 605 1061 674 quem

57 703 148 758 constat
173 686 262 752 inter
297 702 364 754 tres
399 683 574 778 principes
609 681 661 751 rei
698 682 838 752 militari
874 685 1061 778 praefectos

58 793 132 860 icisse.
171 791 348 856 Praeterea
376 811 484 881 quum
505 783 621 855 eadem
649 802 756 855 aetate
775 787 1000 858 Athenienses
1028 807 1062 860 et

64 921 108 964 sun
130 893 242 960 ceteris
272 891 427 974 Graecis,
457 909 599 960 etcum
626 889 737 958 Persis
764 901 885 984 pacem
914 910 1062 988 egerent,

67 997 195 1065 Salaminio
216 995 275 1064 ilia
296 995 484 1090 expeditio,
515 1019 618 1090 quem
645 993 789 1064 rismum
811 995 985 1068 decretum
1005 1023 1063 1066 sx-

63 1103 133 1184 hibet,
150 1102 213 1170 hoc
234 1102 397 1195 temporie
418 1101 524 1194 spatio
544 1097 639 1169 nullo
667 1098 771 1170 mods
798 1103 957 1178 constitui
985 1121 1064 1197 pot·

63 1225 96 1274 est
126 1203 405 1274 Descendendnm
427 1207 532 1298 igitur
553 1202 813 1274 estadeetatem
828 1207 1062 1302 posteriorem,-

64 1309 235 1403 qeohellum
256 1309 419 1404 Philippo
450 1334 529 1378 cum
547 1308 810 1378 Atheniensibus
839 1328 971 1404 gestum
1002 1327 1064 1394 est,

64 1433 109 1482 ante
128 1439 240 1508 pacem
273 1413 414 1508 Olymp.
445 1413 558 1483 CVIII
588 1438 617 1480 a.
646 1437 668 1482 a
696 1413 919 1483 conciliatam.
968 1413 1064 1502 Bello

33 1552 34 1560 ο
63 1517 107 1602 hoc,
123 1517 205 1612 qood
226 1521 266 1586 in
285 1518 339 1587 his
357 1519 558 1587 Chersonesi
572 1521 770 1613 praesertim
785 1511 1064 1616 Hellespontique

64 1626 208 1719 regionibus
241 1622 421 1717 gerebatur
428 1671 438 1704 ,
467 1623 637 1692 Lemnum
668 1648 805 1718 quoquo
832 1643 867 1693 et
898 1625 1065 1708 Imbrum,

69 1751 131 1818 pum
147 1730 186 1797 iis
206 1728 430 1797 Athenienses
452 1744 623 1820 tamquam
646 1727 907 1822 propugnaculis
928 1746 1066 1798 uteren-

72 1833 202 1915 tutbem.
219 1829 308 1902 Phil.
333 1832 361 1914 1,
381 1855 416 1926 p.
438 1831 509 1922 49),
531 1833 569 1900 in
583 1855 716 1902 summo
737 1832 838 1901 fuisse
855 1831 1065 1918 discrimine,

68 1933 258 2008 Dmcsthenes
280 1951 315 2006 et
334 1936 518 2006 Aeschines
537 1935 699 2006 referunt.
746 1937 786 2006 V.
806 1938 870 2006 Or.
891 1939 930 2008 in
944 1938 1066 2008 Neser.

33 2101 34 2108 ,
67 2059 85 2128 p.
100 2039 170 2127 1346.
212 2040 399 2112 Aeschines
420 2068 454 2109 π.
476 2065 616 2130 angono.
638 2063 674 2137 p.
697 2041 791 2136 37ί.,
812 2041 1001 2112 ubimulta
1022 2040 1068 2112 de

69 2144 204 2216 scabelli
225 2145 323 2216 illiue
343 2145 542 2238 rationeque
564 2143 724 2240 disputat,
754 2146 839 2216 haec
864 2149 967 2216 verba
985 2172 1069 2244 pro-
1147 2215 1151 2224 ,

70 2243 113 2316 brt:
135 2253 286 2330 Φίλιππος
313 2251 348 2320 st
369 2247 523 2339 ὁρμηθείς
542 2251 576 2320 ix
604 2254 821 2336 Μακεδονίας,
856 2252 962 2322 οὐκέθ’
987 2250 1068 2342 ὑπὲρ

68 2346 228 2439 Ἀμφιπόλεως
249 2354 331 2445 πρὸς
350 2351 437 2443 ἡμᾶς
455 2355 642 2442 ἠγωνίζετο,
665 2353 734 2422 ἀλλ’
754 2355 817 2442 ἤδη
837 2358 908 2445 περὶ
927 2354 1070 2443 Λῆμνον

75 2457 292 2548 νίἼμβροονκαί
314 2458 455 2547 Σκίρου,
478 2465 543 2527 τῶν
570 2453 731 2546 ἧμετίρων
749 2459 928 2548 κτημάτων.
973 2461 1069 2546 Quae

79 2577 115 2624 nco
129 2564 228 2632 obiter
260 2565 302 2632 eb
329 2561 498 2631 Aeschine
512 2559 634 2645 'dicta,
655 2559 716 2630 sed
741 2585 780 2630 re
807 2587 885 2632 vero
915 2563 1070 2658 Philippi

75 2657 230 2738 incisiones
253 2667 329 2738 illas
356 2668 393 2736 in
421 2666 548 2736 insulas
576 2667 799 2762 regionesque
827 2684 996 2762 susceptae
1025 2671 1071 2736 si-

33 2845 34 2860 p
72 2767 192 2858 gribone,
213 2772 428 2842 menifestum
450 2789 500 2840 est
520 2795 599 2840 oum
620 2795 661 2840 ex
676 2771 968 2842 universahorum
984 2790 1071 2864 tem-

33 2914 34 2936 ε
70 2888 149 2956 porum
171 2879 330 2962 historie,
366 2895 438 2946 tom
466 2876 709 2947 Demosthenes
736 2878 953 2974 ipsein'or.
978 2877 1072 2948 Phil.

70 2968 85 3035 I·
98 2974 243 3052 Lemnum
264 3000 365 3076 atque
386 2981 539 3050 imbrum
560 3007 580 3048 s
606 2974 768 3077 Philippo
789 2981 971 3082 devastatae
1000 3007 1073 3050 esse

69 3088 165 3152 uetur
189 3087 243 3156 his
264 3089 389 3156 verbis:
418 3085 478 3171 οὔχ
508 3086 612 3176 ὥςπερ
639 3087 698 3158 τὸν
726 3087 929 3178 παρελθόντα
952 3088 1073 3176 χρόνον

33 3161 35 3198 ³
69 3180 94 3256 ‘Is
111 3192 234 3275 Λῆμνον
266 3195 318 3260 καί
345 3191 478 3282 Ἴμβρον
505 3189 653 3276 ἐμβαλῶν
687 3192 906 3280 αἰχμαλώτους
940 3194 1074 3271 πολίτας

68 3276 194 3380 &steens
214 3295 411 3390 οχααχωε.
456 3295 547 3364 Haeo
567 3297 811 3366 Demosthenes
839 3299 878 3366 sn
903 3321 954 3367 οε.
980 3295 1072 3365 mu.

33 3395 34 3466 i
69 3382 89 3465 h
107 3415 134 3484 p.
159 3401 210 3490 49,
231 3397 255 3469 i:
277 3425 307 3469 e.
328 3402 507 3495 posteriori
535 3403 696 3472 orationis
718 3401 813 3471 illius
834 3419 946 3498 parte,
969 3425 1073 3496 quam

70 3501 188 3570 nonnulli
207 3506 273 3576 siri
294 3504 385 3574 docti
404 3525 590 3600 praeeunte
609 3495 775 3602 Dionysio
797 3507 872 3578 Hal.
894 3509 933 3577 in
953 3532 1007 3601 ep.
1029 3502 1075 3573 ad

33 3617 34 3661 i
72 3593 193 3698 A1¹1¹11·§.
220 3629 403 3684 rosentem
432 3611 661 3707 Philippicam
687 3630 825 3694 vocent,
854 3629 889 3683 et
917 3638 938 3680 e
963 3611 1101 3703 prima

69 3716 133 3784 ime
159 3707 377 3810 dispescentes
410 3739 499 3787 enno
536 3716 677 3813 Olymp.
709 3717 842 3801 CVIII,
875 3739 896 3784 ο
924 3715 1075 3785 habitem

69 3819 114 3873 ⁰⁸³ss
136 3820 386 3911 contendunt&
436 3820 486 3890 Ut
512 3822 616 3918 igitur
648 3824 687 3894 iu
721 3845 825 3919 quem
856 3845 986 3893 anuum
1012 3819 1077 3890 illa

69 3955 344 4038 mg...

100 4121 121 4205 ')
142 4132 251 4202 Leland.
285 4143 314 4204 in
332 4123 490 4229 interpret.
518 4141 604 4227 Aegl.
631 4141 784 4205 Demetrii:
810 4153 882 4202 orat.
909 4135 1021 4202 ieoobs.
1047 4137 1078 4198 ie
1097 4129 1111 4196 “,
1153 4140 1155 4144 ’
