2706 4782
761 303 781 346 Χ
821 343 824 346 .

692 373 847 389 m

353 454 465 552 Quod
491 457 607 559 igitur·
629 479 727 558 opus
761 457 815 532 Te
848 454 940 532 duce
975 455 1282 563 adhortatoreque

248 591 444 680 coeptum,
477 581 559 654 Tua
579 576 808 653 humanitate
833 576 1009 676 adiutum,
1036 575 1282 678 sustentatum,

245 725 347 792 nunc
384 679 595 775 absolutum
622 715 695 791 est,
727 699 809 774 hoc¹
838 698 923 776 Tibi
956 701 1123 778 oblatum
1148 704 1283 780 huma-

244 827 341 897 niter
367 822 509 920 excipe,
537 819 694 922 Tibique
719 824 866 922 pietatis
887 847 994 897 meae
1021 841 1166 926 gratum
1193 826 1284 902 velis*

242 957 526 1018 monumentum
553 957 708 1016 exstare.
793 963 794 968 ’
1068 1035 1069 1040 ¹
1194 973 1198 982 ·

347 1065 602 1164 Superest,'ut
627 1063 788 1139 referam
821 1063 984 1166 Tibique
1009 1065 1183 1167 probem,
1209 1094 1279 1170 qua

240 1189 381 1262 ratione
415 1188 504 1260 Tuis
546 1211 568 1257 a
609 1211 669 1258 me
722 1188 769 1259 sit
823 1187 1051 1262 satisfactum
1091 1188 1279 1265 mundatis.

239 1315 360 1383 Pauca
375 1310 473 1380 nosti
487 1305 612 1399 luisse,
639 1309 678 1379 in
692 1305 832 1408 quibus
855 1311 1017 1382 rationes
1033 1336 1137 1385 meae
1154 1339 1177 1386 a
1193 1305 1280 1386 Tuis

131 1469 132 1478 κ
241 1433 390 1503 omnino
416 1426 663 1520 discederent,
692 1453 812 1528 eaque
834 1431 957 1502 minus
985 1457 1030 1506 cx
1057 1430 1206 1507 diversa
1232 1433 1280 1507 de

237 1549 353 1625 rebus
376 1551 507 1650 'gestis
550 1545 861 1649 temporibusque
890 1539 1130 1651 cognitione,
1166 1579 1278 1654 quam

238 1674 284 1748 ex
310 1671 457 1744 diversa
483 1665 807 1750 demonumentis
840 1670 1019 1772 publicis,
1046 1676 1202 1746 orationi
1230 1673 1279 1747 de

190 1837 192 1842 ·
236 1819 376 1868 corona
402 1793 559 1882 insertis,
588 1793 763 1890 opinione
789 1793 970 1893 proiecta.
1024 1796 1082 1867 Tu
1110 1796 1208 1868 enim
1235 1817 1279 1867 eu

233 1941 256 1990 e
282 1914 480 1988 recentiori
508 1910 674 2013 quodam
710 1917 790 1986 viro
818 1911 931 1986 docto
959 1913 1115 1988 collecta
1141 1917 1278 1992 statui-

234 2041 299 2128 sti,
334 2061 404 2134 ego
439 2031 505 2107 ab
523 2036 606 2133 ipso
649 2032 804 2134 quidem
840 2050 987 2108 oratore
1024 2033 1193 2132 prolecta
1232 2060 1277 2109 ea

88 2163 91 2170 '
187 2224 190 2230 .
234 2154 504 2246 existimabam,
547 2180 708 2254 quorum
736 2172 857 2227 tamen
884 2157 1114 2254 praescripta
1138 2181 1277 2230 recen·-
1345 2231 1348 2238 ,

231 2280 338 2352 tionis
378 2271 572 2349 cuiusdam
616 2276 717 2349 docti
757 2273 854 2349 male
890 2273 1044 2349 doctum
1083 2277 1275 2376 ingenium

230 2399 437 2500 depravare
463 2401 635 2497 potuerit.
687 2400 742 2472 Ex
767 2394 840 2469 hac
857 2391 1042 2497 opinione
1068 2397 1161 2470 mihi
1186 2398 1275 2472 libri

229 2523 303 2596 mei
331 2547 411 2620 cup.
439 2522 496 2614 111,
524 2518 628 2621 quod
654 2522 753 2619 typis
780 2539 957 2594 excusum
983 2519 1057 2594 iam
1084 2535 1172 2614 erat,
1199 2545 1274 2593 an-

228 2657 380 2744 tequam
435 2645 552 2714 Tuam
604 2632 844 2738 scriptionem
887 2643 1037 2740 accepi,
1093 2638 1270 2714 difficilli-

227 2787 312 2838 mae
340 2762 422 2851 illae
450 2762 742 2861 discrepantiae,
767 2759 906 2861 quibus
939 2765 1066 2862 priora
1092 2758 1169 2836 duo
1192 2753 1272 2836 de-

211 2901 329 2959 -creta
362 2883 550 2977 laborant,
587 2864 861 2984 quodammode
888 2881 1129 2983 explicandae
1155 2882 1277 2959 vide-

188 3005 373 3104 fbuntur.
426 3009 467 3077 In
494 3031 570 3107 qua
597 3003 844 3105 explicatione
873 3019 994 3078 tamen
1012 3020 1193 3105 quantum
1205 3026 1272 3078 me

225 3129 410 3220 torserim,
438 3153 551 3228 quam
578 3152 712 3226 parum
737 3123 829 3199 mihi
864 3107 1117 3218 satisfecerim,
1142 3129 1270 3199 nemi·

225 3273 311 3321 nem
338 3248 465 3348 fugiet.
516 3252 639 3343 ‘Quam
666 3246 717 3322 ob
744 3273 843 3340 rem,
874 3255 995 3348 quum
1022 3251 1270 3325 Commenta·-

186 3437 206 3454 ,,
226 3371 327 3445 tione
353 3374 434 3444 Tua
459 3359 624 3469 perlecta
638 3368 679 3442 id
695 3369 823 3448 mihia
846 3373 902 3443 Te
928 3367 1140 3443 felicissime
1168 3394 1270 3443 con-

223 3496 359 3566 lectum
393 3506 430 3565 et
462 3493 609 3565 invictis
642 3491 849 3569 rationibus
885 3485 1174 3580 demonstratum
1201 3493 1271 3568 vi-

224 3611 396 3703 deretur,
433 3593 632 3689 ¹archontes
673 3629 775 3688 certe
815 3609 899 3686 illos
918 3610 1268 3713 'pseudoponymos

157 3769 158 3775 ¹
224 3738 375 3813 omuino
403 3749 527 3812 errore
553 3737 618 3810 niti
643 3751 683 3808 et
710 3759 756 3808 ex
789 3715 923 3814 scribis
950 3759 1031 3808 esse
1057 3732 1269 3808 secuudum

221 3857 429 3960 prytauiam
455 3872 572 3947 natos,
598 3881 673 3930 non
699 3860 820 3956 potui,
851 3858 944 3956 quin
971 3860 1111 3930 Tecum
1139 3859 1268 3930 omnia

221 3994 462 4060 monumenta
496 3975 645 4080 publica
678 4001 700 4048 a
734 3979 814 4065 uiro
850 3976 1014 4079 quodam
1048 3974 1161 4052 docto
1194 4001 1267 4052 re-

223 4101 366 4178 centius
402 4097 558 4176 collecta
592 4116 627 4171 et
661 4102 814 4172 orationi
838 4103 922 4182 esse
950 4101 1086 4174 inserta
1113 4099 1267 4174 statue-
