2740 4774
255 494 320 538 nec
340 466 483 554 minime
497 468 680 540 archontas
703 465 760 538 illi·
778 455 1222 558 pseudeponymlalqucnrm
1244 467 1299 540 rit

256 573 343 642 ullus
375 589 449 653 est,¹
463 573 533 664 'qui
563 573 601 640 in
629 571 719 642 faeda
740 569 852 642 locum
881 571 1013 644 habeas.
1035 567 1223 647 :Aliterin
1247 593 1297 651 eo,

174 761 176 764 Α
216 707 217 714 “
258 681 317 772 qui
352 676 414 744 illa
452 693 796 756 commemorasset,
830 694 864 742 et
896 678 1017 748 miram
1050 697 1132 742 sanc
1152 675 1298 748 walticae

197 827 200 833 -
258 782 466 875 antiquitatis
489 782 714 873 cognitionem
733 799 780 850 et.
805 777 1047 850 mirabiliorem
1078 781 1177 850 etiam
1198 779 1301 852 insci·

153 969 155 972 .
259 905 340 954 tram
361 908 538 951 mvemres.
696 951 698 956 ,

321 1075 325 1080 Δ
349 990 443 1072 Quae
466 1014 571 1079 quum
593 990 639 1054 ita
656 990 737 1074 sint,
761 988 992 1054 Demosthenis
1016 987 1187 1054 decretum
1209 1003 1302 1079 patet
1354 1061 1355 1068 χ

259 1092 304 1159 ad
326 1091 407 1172 alias
429 1117 481 1159 res
505 1091 637 1184 aliaque
659 1109 813 1184 tempora
830 1091 1053 1172 referendum,
1076 1094 1190 1183 itaque
1212 1094 1301 1158 iusto
1327 1167 1335 1182 ‚

161 1229 165 1236 ’
260 1220 320 1265 suo
357 1194 446 1264 loco*
472 1214 606 1276 motum
634 1215 667 1265 et
683 1195 778 1266 'falso
811 1195 883 1262 illie
923 1221 992 1264 esse
1031 1198 1204 1265 insertum.
1257 1195 1304 1261 Et

262 1300 529 1368 commodissime
552 1299 672 1365 referri
694 1324 771 1366 eum
786 1301 953 1368 Boeekhio
976 1303 1025 1385 (in
1048 1299 1235 1373 Commeat.
1258 1298 1303 1392 sle

264 1405 451 1474 archontib.
483 1401 702 1498 pseudepon.
724 1429 757 1496 p.
793 1409 850 1492 22)
881 1427 978 1496 posse
1007 1429 1109 1496 supra
1135 1411 1220 1496 (cap.
1243 1403 1302 1492 V.)

259 1508 479 1604 indicarimus
508 1507 558 1588 ad
583 1531 700 1600 pacem
729 1511 818 1574 inter
844 1507 974 1574 bellum
1002 1509 1198 1599 Byzantium
1221 1506 1302 1574 alte-

261 1637 401 1704 ramque
423 1611 605 1733 Philippi
596 1637 633 1679 tn
656 1611 862 1680 Graeciam'
852 1613 1105 1704 impressionem
1127 1635 1207 1678 eum
1223 1611 1305 1677 Phi

218 1727 219 1730 ’
262 1717 360 1810 lippo
383 1719 609 1810 compositam,
631 1741 748 1810 quam
756 1717 958 1810 plerumque
976 1713 1206 1784 addubitatam
1219 1717 1306 1783 Boe·

262 1820 355 1886 clthii
376 1821 522 1914 vestigiis
545 1823 732 1892 insistentes
753 1823 927 1888 restituere
948 1821 972 1890 l.
996 1845 1024 1887 c.
1048 1821 1157 1888 conati
1173 1837 1305 1904 sumus3

259 1923 374 1991 minus
402 1922 579 2027 commode
611 1925 653 1992 ad
681 1951 800 2018 pacem
828 1925 884 1992 01.
917 1925 995 2007 CX,
1030 1927 1049 1994 3
1077 1941 1153 2017 post
1174 1923 1307 1992 cladem

265 2027 536 2108 Chaeronensem
566 2029 785 2096 conciliatam.
842 2029 960 2122 ltaque
990 2029 1214 2120 Mnesiphilus
1254 2053 1308 2096 ar-

266 2131 364 2214 chon,
388 2134 448 2224 qui
472 2129 603 2201 decreto
626 2133 707 2200 huie
729 2133 894 2227 praefixus
917 2151 976 2216 est,
994 2132 1042 2212 ad
1063 2133 1206 2224 primam
1224 2157 1308 2226 pry·
1354 2201 1355 2208 χ

265 2237 389 2304 taniam
416 2239 581 2328 pertineat
610 2237 667 2304 Ol.
700 2237 779 2320 CX,
810 2264 847 2320 2,
890 2225 1046 2306 archonte
1078 2261 1176 2328 epon.
1202 2223 1309 2332 *Lysi-

250 2338 426 2410 *maehide
450 2377 494 2392 —-
527 2361 529 2364 ·
630 2385 634 2392 ·

332 2729 442 2811 'quem
466 2731 620 2790 Aeschines
642 2731 870 2790 Pharsaliam
893 2733 1031 2806 nominat,
1054 2727 1091 2790 de
1115 2753 1171 2812 qua
1196 2732 1308 2811 egimus

241 2896 243 2900 .
353 2837 437 2897 cap.
440 2815 479 2874 V.
503 2840 531 2898 p
558 2836 618 2876 212
647 2833 707 2876 not.
751 2818 816 2876 Alia
839 2817 988 2876 offendit'
980 2840 1008 2875 tn
1031 2817 1130 2880 libello
1158 2817 1195 2877 de
1218 2817 1309 2877 abso-

353 2901 447 2962 luto'
439 2926 467 2960 rn
489 2903 595 3004 γραφῇ
617 2923 806 2985 παρανομων
821 2905 1015 2963 Demosthene
1038 2905 1079 2986 (p.
1104 2906 1185 2979 261).
1230 2905 1309 2964 Eum

342 2990 447 3066 enim,
481 2992 534 3072 qui
554 2991 687 3050 instituta
708 2992 814 3072 γραφῇ
837 2985 1026 3071 παρανόμων
1056 3013 1139 3050 cansa
1161 2989 1308 3067 ceciderit,

354 3097 450 3160 neque
493 3079 620 3160 quintam
661 3078 759 3137 saltem
803 3078 1004 3180 suffragiorum
1043 3092 1153 3159 partem
1199 3037 1308 3153 tulerit:

354 3163 430 3222 mille
454 3165 591 3224 drachmis
614 3166 725 3224 multari
747 3167 833 3223 moris
856 3165 982 3240 fuisse,
974 3181 1012 3224 rta
1034 3179 1152 3239 constat,
1174 3180 1205 3224 ut
1221 3187 1306 3224 nemo

261 3245 286 3328 ι’
354 3271 388 3308 ea
416 3250 453 3310 de
484 3274 515 3310 re
545 3251 622 3310 aliud
655 3231 816 3351 quidquam
849 3253 987 3310 statuerit.
1043 3252 1081 3310 V.
1113 3252 1245 3311 Schoem
1269 3251 1306 3310 de

354 3335 470 3396 Comitt
500 3361 529 3419 p.
564 3344 632 3398 (66.
677 3340 756 3397 At'
749 3361 777 3396 tn
801 3338 849 3396 illo
872 3337 971 3397 libello
993 3339 1122 3418 legitur:
1142 3335 1192 3397 καὶ
1222 3332 1307 3416 ἀπή-

266 3424 269 3436 “
321 3407 435 3500 ’νεγκε
478 3418 668 3505 repastinata
712 3419 836 3506 γραφὴν
874 3421 1072 3504 Δημοσθένει
1118 3417 1307 3530 Πατροκλης

269 3507 271 3514 '
343 3503 493 3586 Φλυεύς,
526 3509 576 3570 καὶ
602 3506 638 3570 τὸ
663 3506 808 3588 πέμπτον
835 3509 931 3592 μέρος
960 3514 1023 3571 τῶν
1049 3505 1179 3616 ψήφων
1196 3506 1233 3571 οὗ
1248 3513 1306 3570 λα-

353 3591 422 3673 βὼν
454 3593 609 3658 ἀπέτισε
642 3593 709 3668 τὰς
741 3594 999 3670 πεντακοσίας
1016 3592 1213 3680 δραχμάς.
1258 3599 1305 3658 De

356 3707 414 3766 qua
435 3685 612 3744 memorabili
642 3707 708 3744 sane
736 3685 925 3767 discrepantia
953 3687 1021 3744 nihil
1049 3685 1126 3744 aliud
1149 3700 1227 3744 certe
1249 3700 1306 3744 sta-

355 3773 494 3831 tuendum
517 3774 562 3844 sit,
584 3796 671 3854 quam
695 3775 721 3830 in
747 3772 872 3854 quodam
891 3773 1113 3854 gravissimarum
1136 3774 1233 3854 legum
1254 3793 1306 3852 gc-

354 3881 441 3933 nere,
470 3883 529 3939 quo
559 3860 666 3918 facilius
699 3861 860 3940 rogationes
894 3861 1068 3940 impugnari,
1091 3881 1190 3939 eoque
1213 3861 1304 3918 acrius

355 3949 504 4004 examinari
536 3963 670 4026 possent,
709 3949 846 4004 minorem
883 3969 935 4007 nee
968 3949 1021 4004 nisi
1056 3947 1187 4004 solemnis
1230 3946 1304 4003 mul-

355 4049 399 4090 tae
422 4032 567 4092 dimidiam
590 4047 700 4114 partem
723 4045 788 4092 esse⁴
806 4049 904 4092 eontra
931 4047 1122 4111 accusatorem
1153 4034 1217 4114 lege
1247 4046 1305 4090 sta·

353 4134 451 4184 tutam.
