2694 4784
40 34 45 79 t

37 124 43 189 i

38 208 42 259 Ι

36 290 41 357 l

35 360 40 403 t

34 418 39 491 i

697 319 893 438 m.

255 512 365 589 eupat,
388 465 496 573 urbes,
520 481 604 583 quae
624 494 774 558 resistere
798 515 904 565 ausae¹
917 495 994 578 sint,
1018 495 1050 566 vi
1068 493 1229 565 continuo
1245 519 1293 563 ca-

253 603 308 694 pit
329 599 439 690 (epist.
463 594 614 688 Philippi
637 593 679 662 de
702 621 768 664 cor.
791 621 826 688 p.
851 599 935 682 238).

341 701 503 795 Olymp.
529 699 665 766 CVIII
692 727 720 766 a.
743 703 763 769 3
783 701 988 783 ineunte,
1006 719 1172 796 ‘suscepto¹
1194 704 1296 772 Athe-

226 810 228 816 ·
250 804 303 876 nis
325 807 367 874 ab
389 802 542 872 archia
563 805 732 897 Epony'mi
755 806 959 888 aaronem,
981 789 1176 899 Philippus,
1199 833 1296 876 occu.

250 914 339 1007 patis
361 913 429 976 iam
451 908 673 978 Phocensium
696 913 849 993 urbibus,
880 909 923 976 de
952 899 1213 979 Atheniensium
1241 939 1294 1006 ap·

251 1015 426 1111 paratibus
447 1011 585 1098 bellicis
601 1014 723 1082 certior
743 1013 846 1081 factus
860 1012 1033 1107 epistolem
1049 1015 1198 1084 Athenas
1219 1019 1296 1084 mit·

251 1123 294 1188 tit
323 1143 423 1199 eam„
445 1141 531 1210 quae
560 1121 661 1185 exstat
685 1118 722 1182 in
751 1142 799 1185 or.
828 1117 871 1184 de
900 1141 968 1186 cor.
998 1143 1032 1212 p.
1065 1122 1138 1188 238.
1185 1119 1293 1188 Simul

194 1293 196 1298 ,
250 1223 539 1317 Amphictyonum
568 1219 749 1290 concilium
776 1219 818 1288 de
839 1222 1061 1294 Phocensium
1082 1223 1216 1290 fortuna
1240 1225 1295 1292 de

162 1338 165 1347 '
250 1329 471 1396 liberaturum
486 1324 639 1418 Delphos
656 1343 823 1406 convocat,
846 1323 889 1392 ad
907 1324 997 1418 quod
1015 1327 1198 1394 Aeschines
1219 1354 1296 1397 cum

250 1432 422 1528 Stephano
456 1449 489 1496 et
518 1428 666 1522 Dercylo
697 1431 844 1517 Athenis,
867 1428 1002 1522 legatus
1027 1431 1104 1498 abit.
1149 1433 1295 1526 Amphi-

251 1557 388 1630 ctyones
412 1533 557 1606 secundo
581 1535 634 1602 vel
649 1537 745 1601 tertio
761 1537 840 1618 anni
864 1558 988 1615 mense,
1013 1537 1140 1628 quippe
1162 1557 1295 1629 praeter

226 1693 228 1698 ,
250 1641 406 1711 ordinem
428 1637 543 1730 (Diod.
565 1637 600 1706 S.
626 1639 718 1719 XVI,
743 1641 809 1729 59),
832 1657 1086 1730 congregantur,
1104 1642 1148 1706 in
1161 1665 1291 1709 eorum-

250 1771 317 1841 que
339 1762 505 1816 conventu
528 1744 704 1812 exitiosum
726 1741 812 1808 illud
833 1741 1005 1810 decretum
1027 1745 1066 1810 fit
1087 1741 1129 1810 de
1142 1745 1296 1814 Phocen-

249 1852 340 1918 sibus
362 1875 403 1916 ex
418 1847 707 1941 Amphictyonum
720 1871 861 1916 numero
885 1846 1068 1929 eiiciendis,
1092 1846 1134 1914 de
1157 1848 1296 1919 diruen-

249 1955 300 2022 dis
323 1977 439 2021 eorum
461 1951 618 2032 urbibus,
641 1949 909 2043 conferendoque
932 1950 968 2018 in
991 1951 1191 2047 Philippum
1213 1958 1297 2023 Am-

249 2054 460 2151 phictyonici
492 2056 575 2120 iuris
608 2056 775 2120 consortio
805 2073 837 2120 et
868 2058 1025 2149 principe
1052 2058 1089 2122 in
1116 2057 1207 2126 ludis
1230 2062 1297 2154 Py-

249 2162 347 2236 thicis
368 2157 453 2248 loco.
495 2158 674 2251 Philippus
698 2159 924 2228 tumdecreta
945 2159 1235 2255 Amphictyonum
1258 2169 1296 2231 in

248 2266 435 2334 Phocenses
459 2265 663 2356 exsequitur,
696 2269 785 2329 etin
813 2263 1047 2331 Macedoniam
1066 2266 1165 2361 redit.
1189 2268 1292 2335 Diod.

247 2367 269 2436 l.
294 2395 322 2438 c.
344 2371 397 2439 60.
442 2369 551 2434 Rebus
574 2370 641 2435 iam
662 2369 708 2434 ita
730 2370 922 2460 compositis
946 2368 1095 2437 eiusdem
1117 2373 1197 2438 anni
1211 2372 1289 2436 Mu-

246 2475 415 2568 nychione
430 2469 562 2567 Pythici
585 2472 659 2540 ludi
682 2473 904 2553 celebrantur,
927 2499 946 2538 a
969 2475 1092 2565 quibus
1109 2475 1294 2543 Athenien-

247 2605 298 2646 ses
326 2581 446 2646 misera
478 2577 699 2644 Phocensium
732 2596 819 2643 sorte
853 2579 1039 2647 exacerbati
1069 2602 1208 2672 prorsus
1236 2581 1297 2648 ab·

248 2683 381 2752 stinent.
425 2680 523 2747 Dem.
545 2707 580 2747 π.
602 2703 742 2769 παραπρ.
764 2704 799 2773 p.
822 2683 897 2752 380.
1144 2675 1146 2678 ’

328 2905 367 2993 d.
412 2905 462 2972 Ea
474 2897 561 2972 ''vero
576 2905 613 2982 ,si
633 2907 719 2973 iusta
740 2929 854 2974 rerum
875 2908 941 2978 luit
958 2926 1221 3004 temporumque
1247 2937 1299 2980 se·
1336 2943 1337 2954 ¹

247 3010 324 3091 ries,
348 3035 453 3103 quum
476 3011 543 3076 iam
564 3034 634 3078 non
656 3012 692 3076 in
705 3012 937 3080 Demosthenis
960 3016 1042 3099 solo,
1065 3014 1123 3083 sed
1145 3018 1183 3081 in
1200 3036 1298 3086 utro-

248 3139 332 3208 que,
363 3113 596 3182 Demosthenis
627 3133 660 3182 et
694 3115 925 3200 Callisthenis,
957 3116 1089 3188 decreto
1122 3125 1303 3189 mensium

247 3219 387 3286 nomina
414 3216 612 3312 dierumque
641 3243 799 3288 numeros
831 3219 1022 3312 depravatos
1052 3247 1121 3290 esse
1143 3243 1307 3295 statuen-

248 3321 330 3389 dum
351 3323 403 3404 sit,
426 3320 490 3388 alia
511 3324 578 3388 iam
590 3320 834 3416 depravationis
855 3325 907 3395 via
930 3348 968 3392 ac
990 3328 1074 3394 ratio
1099 3331 1307 3420 quaerenda

211 3457 214 3462 ·
248 3429 321 3508 erit,
345 3449 382 3492 ac
407 3451 508 3518 quam
520 3451 622 3518 supra
642 3425 871 3496 indicavimus.
916 3427 955 3496 In
979 3449 1136 3522 quc‘tam
1158 3435 1311 3529 spinosa

246 3532 384 3598 materia
406 3529 537 3604 nullam
557 3551 666 3622 prope
698 3529 801 3600 fateor
821 3532 998 3604 meliorem
1027 3539 1172 3630 reperiri
1192 3565 1308 3632 posse

147 3754 149 3758 .
245 3744 558 3764 m

331 3883 435 3942 refert:
466 3871 510 3952 ὦς’
531 3873 568 3942 οὗ
587 3878 638 3944 δεῖ
653 3882 864 3966 θορυβεῖσθαι
883 3887 930 3973 τῷ
951 3863 1203 3972 παρεληὶυθέναι
1232 3891 1303 3955 Φί-

332 3969 448 4027 λιππον“
466 3961 540 4028 εἴσω
553 3965 682 4046 Πυλῶν,
705 3993 738 4030 ac
761 3975 783 4030 si
806 3974 890 4034 simul
914 3999 1005 4060 quum
1027 3979 1112 4062 legati
1127 3981 1305 4043 Athenien-

277 4048 279 4054 ’
314 4061 317 4070 ’
333 4075 378 4113 ses
394 4055 518 4114 Athenas
534 4075 569 4114 ex
585 4055 755 4117 Macedonia
777 4059 937 4140 redierint,··
947 4061 1101 4149 Philippus
1115 4065 1171 4126 iam
1192 4068 1309 4132 Ther-

333 4141 462 4224 mopylas
483 4157 659 4228 occupasset.
973 4141 975 4148 ’
