2706 4782
771 339 794 400 2

260 507 449 606 praeclusos
472 503 582 572 adhuc
614 521 647 572 et
677 503 862 572 obstructos
885 506 1111 597 repe1·ies,·ut
1141 526 1178 569 ea
1202 503 1252 598 ,de
1275 527 1311 570 re

184 609 185 614 ἵ
261 618 363 684 etiam
392 635 485 678 nunc
512 611 621 702 repeti
650 631 748 702 posse
778 606 968 690 videantur,
1001 630 1087 702 quae
1116 606 1158 673 de
1192 609 1313 676 critica

261 719 475 812 castigatione
505 712 586 782 olim
607 713 754 783 Wolfius
776 714 902 780 statuit:
936 735 1007 781 non
1033 712 1080 778 ita
1100 713 1217 779 omnia
1242 735 1314 782 esse

261 840 433 916 occupata,
455 820 609 888 novisut
630 819 719 886 curis
750 815 844 886 locus
881 815 1019 886 deesset.
1065 816 1315 888 Commentarii

261 930 355 1006 enim
375 925 554 996 maximam
574 940 705 1016 partem
727 922 765 988 in
785 920 895 988 verbis
918 920 1066 1001 haerent,
1091 937 1124 987 et
1145 945 1315 1012 gramma-

233 1063 235 1066 ·
262 1034 329 1100 tico
352 1054 451 1100 sensu
474 1025 734 1094 demonstrando
757 1043 981 1117 occupantur3
1002 1022 1111 1090 multa
1132 1027 1170 1092 in
1192 1049 1314 1094 rerum

262 1135 496 1229 explanatione
535 1129 755 1198 desideranda
782 1129 998 1221 relinquunt,
1033 1129 1071 1194 in
1101 1152 1167 1220 qua
1198 1147 1314 1196 tamen
1348 1107 1349 1174 l

262 1237 547 1334 interpretationis
579 1259 708 1303 summa
735 1233 806 1299 sere
839 1250 1055 1326 consumatus
1084 1255 1220 1300 necesse
1252 1253 1312 1308 est.

263 1343 305 1412 ad
332 1339 497 1411 eiusmodi
527 1357 676 1409 auctores
699 1337 839 1406 lectoris
869 1338 1008 1431 ingenio
1036 1336 1135 1403 facile
1165 1354 1312 1430 apteque

260 1446 495 1526 insinuandos,
526 1446 605 1536 qui,
638 1442 738 1510 liceat
768 1443 858 1509 enim
887 1441 1147 1536 ingeniosissimi
1176 1441 1311 1526 iudicis,

261 1551 384 1644 Wolfii
424 1551 534 1618 verbis
568 1566 716 1617 nostram
751 1548 866 1613 rursus
908 1546 1070 1614 adornare
1097 1548 1308 1630 sententiam,

263 1659 368 1727 obviis
397 1656 507 1723 verbis
539 1653 699 1746 facilique
730 1677 767 1719 ac
797 1649 949 1717 dilucida
979 1652 1131 1718 oratione
1160 1651 1307 1742 comple-

213 1827 216 1834 ,
262 1779 396 1830 ctuntur
416 1781 469 1827 res
492 1758 670 1840 eiusmodi,
693 1758 815 1851 quibus
839 1754 1011 1847 capiendis
1033 1754 1140 1822 multa
1161 1753 1321 1846 antiqui?

262 1868 336 1935 tatis
359 1865 513 1935 doctrina
535 1887 619 1953 opus
642 1879 700 1928 est.
968 1871 970 1880 '

352 2071 453 2157 Quod
474 2073 629 2138 universe
650 2069 693 2136 de
721 2070 907 2138 oratoribus
930 2069 1058 2136 dictum
1085 2067 1129 2134 ad
1157 2093 1235 2135 eum
1257 2068 1311 2137 vel
1348 2155 1349 2160 ἵ

263 2179 408 2246 maxime
428 2177 585 2269 pertinet,
608 2199 711 2268 quem
732 2169 1005 2242 candidissimum
1026 2174 1238 2266 eloquentiae
1255 2197 1312 2241 er·
1348 2253 1349 2264 χ

264 2271 417 2376 emplum
450 2280 549 2347 nobis
588 2281 768 2372 antiquitas
799 2277 947 2347 tradidit.
1006 2280 1047 2345 ln
1083 2279 1311 2347 Demosthene

203 2383 204 2386 ¹
263 2412 366 2481 quam
397 2383 534 2454 subtilis
551 2384 759 2478 antiquitatis
782 2384 940 2474 cognitio,
969 2383 1127 2451 historiae
1155 2379 1312 2476 religiosa

260 2493 429 2588 indagatio
460 2489 684 2572 desideretur,
713 2489 743 2556 si
775 2489 910 2581 penitus
937 2485 1017 2554 velis
1046 2504 1212 2554 oratorem
1233 2510 1309 2579 per·

263 2600 377 2688 cipere
400 2612 433 2661 et
455 2595 531 2660 aliis
552 2593 815 2684 percipiendum
835 2603 1023 2684 praestare,
1054 2593 1178 2658 eximio
1202 2615 1311 2659 exem·

261 2700 322 2792 plo
345 2697 500 2789 probavit
520 2694 679 2776 Wolfius,
702 2698 838 2762 criticus
861 2720 967 2789 aeque
997 2713 1031 2764 et
1051 2698 1217 2789 interpres
1238 2719 1309 2762 om-

262 2802 363 2867 nibus
390 2800 542 2865 numeris
570 2796 747 2866 absolutus.
794 2799 923 2883 Quodsi
953 2800 1102 2867 enimin
1124 2803 1311 2894 interprete

263 2931 301 2972 ea
328 2904 540 2996 potissimum
570 2904 672 2970 virtus
700 2905 901 2996 requiritur,
930 2921 969 2970 ut
996 2903 1185 2972 cuiusmodi
1215 2904 1311 2972 adiu-

261 3025 414 3076 mentum
435 3031 488 3074 res
507 3006 675 3076 desiderat
691 3025 724 3074 et
746 3027 919 3102 quantum,
944 3007 1037 3098 idad
1052 3008 1311 3102 intelligendum

262 3131 433 3181 auctorem
455 3111 643 3205 legentibus
666 3112 790 3195 afferat,
813 3138 915 3180 unam
938 3112 1029 3181 illius
1052 3116 1142 3182 inter
1161 3131 1310 3184 oratores

260 3218 426 3312 principis
451 3217 634 3306 orationem
664 3217 837 3312 hucusque
860 3219 905 3286 ita
933 3238 1157 3312 comparatam
1186 3238 1219 3287 et
1240 3220 1310 3287 col-

261 3323 435 3393 lustratum
457 3345 536 3404 esse,
559 3337 598 3389 ut
619 3323 775 3389 omnibus
792 3320 965 3389 desideriis
989 3325 1073 3392 iuste
1095 3315 1311 3418 respondeat,

261 3425 493 3494 confitendum
515 3443 587 3506 est,
614 3420 700 3507 eam,
732 3449 837 3518 quam
871 3426 990 3497 Wolfii
1020 3453 1100 3496 cura
1131 3431 1169 3496 in
1196 3426 1311 3495 lucem

157 3597 159 3600 .
258 3530 412 3626 protulit.
455 3529 618 3622 Reliquae
637 3531 748 3596 iacent
768 3532 836 3596 suis
852 3530 960 3599 adhuc
972 3534 1310 3626 spinis'sentibnsque

259 3653 374 3716 tectae,
397 3645 432 3701 e‘t
454 3635 514 3726 qui
537 3631 708 3702 abolendis
732 3635 779 3702 eis
801 3635 1008 3704 non‘dicam
1029 3639 1190 3707 Wolfiani
1212 3639 1312 3728 inge-

258 3744 309 3807 nii
338 3739 562 3832 sagacitatem,
592 3737 651 3806 sed
680 3737 946 3832 colligendorum
974 3741 1198 3811 subsidiorum
1226 3740 1312 3810 dili-

259 3847 404 3936 gentiam
434 3843 540 3936 probe
574 3861 607 3910 et
647 3868 748 3938 super
784 3844 1050 3914 mediocritatem
1085 3847 1310 3928 admoverint,

176 4029 178 4032 ¹
258 3950 418 4042 perpauci
441 3948 666 4015 inveniuntur.
