<?xml version="1.0" encoding="UTF-8"?>
<!DOCTYPE html PUBLIC "-//W3C//DTD XHTML 1.0 Transitional//EN"
    "http://www.w3.org/TR/xhtml1/DTD/xhtml1-transitional.dtd">
<html xmlns="http://www.w3.org/1999/xhtml" xml:lang="en" lang="en">
 <head>
  <title>
</title>
<meta http-equiv="Content-Type" content="text/html;charset=utf-8" />
  <meta name='ocr-system' content='tesseract 3.04.00' />
  <meta name='ocr-capabilities' content='ocr_page ocr_carea ocr_par ocr_line ocrx_word'/>
</head>
<body>
  <div class='ocr_page' id='page_1' title='image "./francisciwiniew00winigoog_0360.png"; bbox 0 0 2740 4774; ppageno 0'>
   <div class='ocr_carea' id='block_1_1' title="bbox 507 245 664 352">
    <p class='ocr_par' dir='ltr' id='par_1_1' title="bbox 507 245 664 352">
     <span class='ocr_line' id='line_1_1' title="bbox 507 245 664 352; baseline 0 -38"><span class='ocrx_word' id='word_1_1' title='bbox 507 245 664 352; x_wconf 48' lang='lat' dir='ltr'>Q</span> 
     </span>
    </p>
   </div>
   <div class='ocr_carea' id='block_1_2' title="bbox 8 415 1111 1542">
    <p class='ocr_par' dir='ltr' id='par_1_2' title="bbox 8 415 1111 1542">
     <span class='ocr_line' id='line_1_2' title="bbox 63 415 1108 500; baseline 0 -14"><span class='ocrx_word' id='word_1_2' title='bbox 63 417 613 498; x_wconf 76' lang='lat' dir='ltr'>l1ahiuesse,satisconstat.Its,</span> <span class='ocrx_word' id='word_1_3' title='bbox 636 434 675 484; x_wconf 92' lang='lat' dir='ltr'>ut</span> <span class='ocrx_word' id='word_1_4' title='bbox 684 415 855 485; x_wconf 84' lang='lat' dir='ltr'>simillima</span> <span class='ocrx_word' id='word_1_5' title='bbox 867 417 1011 500; x_wconf 85' lang='lat' dir='ltr'>afferam,</span> <span class='ocrx_word' id='word_1_6' title='bbox 1027 443 1108 488; x_wconf 87' lang='lat' dir='ltr'>eon·</span> 
     </span>
     <span class='ocr_line' id='line_1_3' title="bbox 63 520 1106 620; baseline 0.003 -31"><span class='ocrx_word' id='word_1_7' title='bbox 63 520 253 589; x_wconf 85' lang='lat' dir='ltr'>funduntur</span> <span class='ocrx_word' id='word_1_8' title='bbox 274 521 448 587; x_wconf 83' lang='lat' dir='ltr'><strong>Niceratus</strong></span> <span class='ocrx_word' id='word_1_9' title='bbox 478 545 554 586; x_wconf 89' lang='lat' dir='ltr'>cum</span> <span class='ocrx_word' id='word_1_10' title='bbox 575 523 712 620; x_wconf 82' lang='lat' dir='ltr'>Nicete,</span> <span class='ocrx_word' id='word_1_11' title='bbox 742 521 913 612; x_wconf 90' lang='lat' dir='ltr'>Cesiphon</span> <span class='ocrx_word' id='word_1_12' title='bbox 935 545 1013 588; x_wconf 85' lang='lat' dir='ltr'>eum</span> <span class='ocrx_word' id='word_1_13' title='bbox 1041 524 1106 592; x_wconf 87' lang='lat' dir='ltr'>Ce-</span> 
     </span>
     <span class='ocr_line' id='line_1_4' title="bbox 64 623 1107 718; baseline 0.001 -26"><span class='ocrx_word' id='word_1_14' title='bbox 64 623 289 718; x_wconf 90' lang='lat' dir='ltr'>phisophonte</span> <span class='ocrx_word' id='word_1_15' title='bbox 312 632 377 717; x_wconf 85' lang='lat' dir='ltr'>(sp.</span> <span class='ocrx_word' id='word_1_16' title='bbox 400 625 538 716; x_wconf 88' lang='lat' dir='ltr'><strong>Dionys.</strong></span> <span class='ocrx_word' id='word_1_17' title='bbox 563 626 603 689; x_wconf 89' lang='lat' dir='ltr'>H.</span> <span class='ocrx_word' id='word_1_18' title='bbox 628 623 670 691; x_wconf 89' lang='lat' dir='ltr'>de</span> <span class='ocrx_word' id='word_1_19' title='bbox 693 624 985 693; x_wconf 89' lang='lat' dir='ltr'>Dinarehoiudio.</span> <span class='ocrx_word' id='word_1_20' title='bbox 1007 629 1037 718; x_wconf 79' lang='lat'><em>§</em></span> <span class='ocrx_word' id='word_1_21' title='bbox 1060 636 1107 718; x_wconf 85' lang='lat'>9),</span> 
     </span>
     <span class='ocr_line' id='line_1_5' title="bbox 64 727 1107 822; baseline 0.003 -25"><span class='ocrx_word' id='word_1_22' title='bbox 64 729 234 821; x_wconf 87' lang='lat' dir='ltr'>Elpinices</span> <span class='ocrx_word' id='word_1_23' title='bbox 258 752 335 793; x_wconf 87' lang='lat' dir='ltr'>cum</span> <span class='ocrx_word' id='word_1_24' title='bbox 357 727 483 822; x_wconf 86' lang='lat' dir='ltr'>Elpine</span> <span class='ocrx_word' id='word_1_25' title='bbox 506 732 573 821; x_wconf 86' lang='lat' dir='ltr'>(ap.</span> <span class='ocrx_word' id='word_1_26' title='bbox 593 728 733 797; x_wconf 86' lang='lat' dir='ltr'>Diodor.</span> <span class='ocrx_word' id='word_1_27' title='bbox 757 731 800 796; x_wconf 91' lang='lat' dir='ltr'>H.</span> <span class='ocrx_word' id='word_1_28' title='bbox 823 730 914 797; x_wconf 86' lang='lat' dir='ltr'>XVI.</span> <span class='ocrx_word' id='word_1_29' title='bbox 931 734 995 820; x_wconf 74' lang='lat' dir='ltr'>rh),</span> <span class='ocrx_word' id='word_1_30' title='bbox 1018 732 1107 801; x_wconf 91' lang='lat' dir='ltr'>Neo-</span> 
     </span>
     <span class='ocr_line' id='line_1_6' title="bbox 67 831 1108 964; baseline 0.001 -63"><span class='ocrx_word' id='word_1_31' title='bbox 67 834 140 902; x_wconf 87' lang='lat' dir='ltr'>eles</span> <span class='ocrx_word' id='word_1_32' title='bbox 157 857 234 901; x_wconf 90' lang='lat' dir='ltr'>eum</span> <span class='ocrx_word' id='word_1_33' title='bbox 256 831 440 898; x_wconf 85' lang='lat' dir='ltr'>Nicocle</span> <span class='ocrx_word' id='word_1_34' title='bbox 430 857 468 896; x_wconf 87' lang='grc' dir='ltr'>ιιι</span> <span class='ocrx_word' id='word_1_35' title='bbox 490 832 660 909; x_wconf 81' lang='lat' dir='ltr'>Demosth.</span> <span class='ocrx_word' id='word_1_36' title='bbox 692 856 740 900; x_wconf 89' lang='lat' dir='ltr'>or.</span> <span class='ocrx_word' id='word_1_37' title='bbox 764 832 893 902; x_wconf 89' lang='lat' dir='ltr'>decor.</span> <span class='ocrx_word' id='word_1_38' title='bbox 918 859 951 964; x_wconf 91' lang='lat' dir='ltr'>p</span> <span class='ocrx_word' id='word_1_39' title='bbox 975 838 1038 904; x_wconf 77' lang='lat'>250</span> <span class='ocrx_word' id='word_1_40' title='bbox 1061 861 1108 904; x_wconf 87' lang='lat' dir='ltr'>rs</span> 
     </span>
     <span class='ocr_line' id='line_1_7' title="bbox 71 929 1109 1030; baseline 0.001 -24"><span class='ocrx_word' id='word_1_41' title='bbox 71 962 119 1006; x_wconf 88' lang='lat'>10.</span> <span class='ocrx_word' id='word_1_42' title='bbox 171 937 326 1028; x_wconf 88' lang='lat' dir='ltr'>Atque</span> <span class='ocrx_word' id='word_1_43' title='bbox 316 960 353 1000; x_wconf 82' lang='grc' dir='ltr'>ιιι</span> <span class='ocrx_word' id='word_1_44' title='bbox 381 932 448 1002; x_wconf 92' lang='lat' dir='ltr'>illis</span> <span class='ocrx_word' id='word_1_45' title='bbox 479 938 659 1004; x_wconf 83' lang='lat' dir='ltr'>testimonii</span> <span class='ocrx_word' id='word_1_46' title='bbox 687 936 796 1002; x_wconf 86' lang='lat' dir='ltr'>verbis</span> <span class='ocrx_word' id='word_1_47' title='bbox 828 929 891 1028; x_wconf 84' lang='lat' dir='ltr'>pro</span> <span class='ocrx_word' id='word_1_48' title='bbox 923 941 971 1004; x_wconf 74' lang='grc' dir='ltr'>ἐπὶ</span> <span class='ocrx_word' id='word_1_49' title='bbox 998 942 1109 1030; x_wconf 78' lang='grc' dir='ltr'><strong><em>Νικίου</em></strong></span> 
     </span>
     <span class='ocr_line' id='line_1_8' title="bbox 66 1038 1109 1133; baseline 0.002 -23"><span class='ocrx_word' id='word_1_50' title='bbox 66 1043 207 1110; x_wconf 86' lang='lat' dir='ltr'>omnino</span> <span class='ocrx_word' id='word_1_51' title='bbox 230 1038 461 1131; x_wconf 89' lang='lat' dir='ltr'>reponendum</span> <span class='ocrx_word' id='word_1_52' title='bbox 485 1041 564 1105; x_wconf 73' lang='lat' dir='ltr'>siti</span> <span class='ocrx_word' id='word_1_53' title='bbox 564 1042 598 1104; x_wconf 79' lang='grc' dir='ltr'>πὶ</span> <span class='ocrx_word' id='word_1_54' title='bbox 626 1041 808 1125; x_wconf 82' lang='grc' dir='ltr'><strong><em>Νικομάχου</em></strong></span> <span class='ocrx_word' id='word_1_55' title='bbox 838 1045 1014 1133; x_wconf 77' lang='lat' dir='ltr'>(nempe”</span> <span class='ocrx_word' id='word_1_56' title='bbox 993 1071 1109 1132; x_wconf 82' lang='grc' dir='ltr'><em>αρχον-</em></span> 
     </span>
     <span class='ocr_line' id='line_1_9' title="bbox 8 1143 1109 1239; baseline 0.005 -29"><span class='ocrx_word' id='word_1_57' title='bbox 8 1189 12 1210; x_wconf 57' lang='grc' dir='ltr'>ι</span> <span class='ocrx_word' id='word_1_58' title='bbox 65 1173 134 1230; x_wconf 75' lang='grc' dir='ltr'><strong><em>τος,</em></strong></span> <span class='ocrx_word' id='word_1_59' title='bbox 158 1144 252 1238; x_wconf 86' lang='lat' dir='ltr'>quod</span> <span class='ocrx_word' id='word_1_60' title='bbox 282 1143 474 1236; x_wconf 85' lang='lat' dir='ltr'>frequenter</span> <span class='ocrx_word' id='word_1_61' title='bbox 502 1144 669 1224; x_wconf 85' lang='lat' dir='ltr'>omittitur</span> <span class='ocrx_word' id='word_1_62' title='bbox 698 1169 776 1224; x_wconf 87' lang='lat' dir='ltr'>cum</span> <span class='ocrx_word' id='word_1_63' title='bbox 803 1143 893 1237; x_wconf 87' lang='lat' dir='ltr'>apud</span> <span class='ocrx_word' id='word_1_64' title='bbox 919 1149 1109 1239; x_wconf 81' lang='lat' dir='ltr'>scriptores,</span> 
     </span>
     <span class='ocr_line' id='line_1_10' title="bbox 66 1246 1109 1346; baseline 0.002 -28"><span class='ocrx_word' id='word_1_65' title='bbox 66 1269 141 1318; x_wconf 90' lang='lat' dir='ltr'>tum</span> <span class='ocrx_word' id='word_1_66' title='bbox 163 1251 200 1314; x_wconf 89' lang='lat' dir='ltr'>in</span> <span class='ocrx_word' id='word_1_67' title='bbox 227 1247 416 1341; x_wconf 87' lang='lat' dir='ltr'>lapidibus,</span> <span class='ocrx_word' id='word_1_68' title='bbox 445 1247 526 1315; x_wconf 87' lang='lat' dir='ltr'>licet</span> <span class='ocrx_word' id='word_1_69' title='bbox 554 1249 683 1318; x_wconf 88' lang='lat' dir='ltr'>nonin</span> <span class='ocrx_word' id='word_1_70' title='bbox 710 1246 1109 1346; x_wconf 83' lang='lat' dir='ltr'>lapidumpraeseriptis,</span> 
     </span>
     <span class='ocr_line' id='line_1_11' title="bbox 66 1353 1108 1446; baseline 0.006 -26"><span class='ocrx_word' id='word_1_71' title='bbox 66 1372 120 1422; x_wconf 91' lang='lat' dir='ltr'>ut:</span> <span class='ocrx_word' id='word_1_72' title='bbox 144 1355 192 1421; x_wconf 77' lang='grc' dir='ltr'>ἐπὶ</span> <span class='ocrx_word' id='word_1_73' title='bbox 214 1353 425 1438; x_wconf 75' lang='grc' dir='ltr'>Ναυσιγένους</span> <span class='ocrx_word' id='word_1_74' title='bbox 453 1377 505 1444; x_wconf 83' lang='lat' dir='ltr'>sp.</span> <span class='ocrx_word' id='word_1_75' title='bbox 535 1353 680 1420; x_wconf 86' lang='lat' dir='ltr'>Boeckh.</span> <span class='ocrx_word' id='word_1_76' title='bbox 713 1353 815 1446; x_wconf 74' lang='lat' dir='ltr'>Corp.</span> <span class='ocrx_word' id='word_1_77' title='bbox 847 1355 950 1422; x_wconf 88' lang='lat' dir='ltr'>Inser.</span> <span class='ocrx_word' id='word_1_78' title='bbox 978 1356 1053 1434; x_wconf 87' lang='lat' dir='ltr'>Vol.</span> <span class='ocrx_word' id='word_1_79' title='bbox 1083 1359 1108 1426; x_wconf 87' lang='grc'><strong>1.</strong></span> 
     </span>
     <span class='ocr_line' id='line_1_12' title="bbox 66 1457 1111 1542; baseline 0.005 -18"><span class='ocrx_word' id='word_1_80' title='bbox 66 1482 123 1524; x_wconf 90' lang='lat' dir='ltr'>nr.</span> <span class='ocrx_word' id='word_1_81' title='bbox 147 1460 218 1542; x_wconf 91' lang='lat'><em>88),</em></span> <span class='ocrx_word' id='word_1_82' title='bbox 241 1459 270 1523; x_wconf 91' lang='lat' dir='ltr'>si</span> <span class='ocrx_word' id='word_1_83' title='bbox 291 1474 546 1524; x_wconf 85' lang='lat' dir='ltr'>monumentum</span> <span class='ocrx_word' id='word_1_84' title='bbox 566 1457 631 1523; x_wconf 92' lang='lat' dir='ltr'>hoe</span> <span class='ocrx_word' id='word_1_85' title='bbox 653 1459 796 1525; x_wconf 88' lang='lat' dir='ltr'>nonnisi</span> <span class='ocrx_word' id='word_1_86' title='bbox 812 1481 852 1524; x_wconf 86' lang='lat' dir='ltr'>ex</span> <span class='ocrx_word' id='word_1_87' title='bbox 874 1461 954 1526; x_wconf 81' lang='lat' dir='ltr'>netis</span> <span class='ocrx_word' id='word_1_88' title='bbox 972 1460 1111 1529; x_wconf 85' lang='lat' dir='ltr'>iudicia-</span> 
     </span>
    </p>
   </div>
   <div class='ocr_carea' id='block_1_3' title="bbox 67 1553 1208 1654">
    <p class='ocr_par' dir='ltr' id='par_1_3' title="bbox 67 1553 1208 1654">
     <span class='ocr_line' id='line_1_13' title="bbox 67 1553 1208 1654; baseline 0.004 -27"><span class='ocrx_word' id='word_1_89' title='bbox 67 1563 157 1630; x_wconf 86' lang='lat' dir='ltr'>libus</span> <span class='ocrx_word' id='word_1_90' title='bbox 193 1563 338 1654; x_wconf 88' lang='lat' dir='ltr'>petitum</span> <span class='ocrx_word' id='word_1_91' title='bbox 355 1563 419 1627; x_wconf 84' lang='lat' dir='ltr'>sit.</span> <span class='ocrx_word' id='word_1_92' title='bbox 474 1563 630 1626; x_wconf 84' lang='lat' dir='ltr'>Attamen</span> <span class='ocrx_word' id='word_1_93' title='bbox 665 1585 703 1627; x_wconf 87' lang='lat' dir='ltr'>re</span> <span class='ocrx_word' id='word_1_94' title='bbox 739 1566 924 1632; x_wconf 73' lang='lat' dir='ltr'>accuratius</span> <span class='ocrx_word' id='word_1_95' title='bbox 964 1589 1107 1648; x_wconf 74' lang='lat' dir='ltr'>excussa,</span> <span class='ocrx_word' id='word_1_96' title='bbox 1206 1553 1208 1558; x_wconf 29' lang='lat'>⁸</span> 
     </span>
    </p>
   </div>
   <div class='ocr_carea' id='block_1_4' title="bbox 69 1663 1174 2594">
    <p class='ocr_par' dir='ltr' id='par_1_4' title="bbox 70 1663 686 1756">
     <span class='ocr_line' id='line_1_14' title="bbox 70 1663 686 1756; baseline -0.003 -24"><span class='ocrx_word' id='word_1_97' title='bbox 70 1665 164 1734; x_wconf 89' lang='lat' dir='ltr'>aliud</span> <span class='ocrx_word' id='word_1_98' title='bbox 186 1664 398 1756; x_wconf 80' lang='lat' dir='ltr'>statuendum</span> <span class='ocrx_word' id='word_1_99' title='bbox 421 1663 598 1732; x_wconf 87' lang='lat' dir='ltr'>videbitur.</span> <span class='ocrx_word' id='word_1_100' title='bbox 684 1677 686 1682; x_wconf 86' lang='lat'>&#39;</span> 
     </span>
    </p>

    <p class='ocr_par' dir='ltr' id='par_1_5' title="bbox 69 1765 1174 2594">
     <span class='ocr_line' id='line_1_15' title="bbox 158 1765 1114 1869; baseline 0.008 -32"><span class='ocrx_word' id='word_1_101' title='bbox 158 1772 295 1838; x_wconf 85' lang='lat' dir='ltr'>Etenim</span> <span class='ocrx_word' id='word_1_102' title='bbox 329 1765 517 1837; x_wconf 85' lang='lat' dir='ltr'>testimonio</span> <span class='ocrx_word' id='word_1_103' title='bbox 538 1769 618 1850; x_wconf 89' lang='lat' dir='ltr'>hoe,</span> <span class='ocrx_word' id='word_1_104' title='bbox 653 1768 746 1861; x_wconf 89' lang='lat' dir='ltr'>quod</span> <span class='ocrx_word' id='word_1_105' title='bbox 774 1773 889 1864; x_wconf 89' lang='lat' dir='ltr'>ntique</span> <span class='ocrx_word' id='word_1_106' title='bbox 914 1773 1009 1842; x_wconf 84' lang='lat' dir='ltr'>brevi</span> <span class='ocrx_word' id='word_1_107' title='bbox 1036 1793 1114 1869; x_wconf 90' lang='lat' dir='ltr'>post</span> 
     </span>
     <span class='ocr_line' id='line_1_16' title="bbox 70 1874 1124 1966; baseline 0.004 -22"><span class='ocrx_word' id='word_1_108' title='bbox 70 1900 205 1944; x_wconf 88' lang='lat' dir='ltr'>causam</span> <span class='ocrx_word' id='word_1_109' title='bbox 235 1875 382 1942; x_wconf 84' lang='lat' dir='ltr'>Anaxini</span> <span class='ocrx_word' id='word_1_110' title='bbox 411 1875 660 1966; x_wconf 85' lang='lat' dir='ltr'>scriptumest,</span> <span class='ocrx_word' id='word_1_111' title='bbox 685 1874 926 1946; x_wconf 84' lang='lat' dir='ltr'>Demosthenes</span> <span class='ocrx_word' id='word_1_112' title='bbox 956 1903 1047 1946; x_wconf 89' lang='lat' dir='ltr'>usus-</span> <span class='ocrx_word' id='word_1_113' title='bbox 1062 1897 1124 1948; x_wconf 89' lang='lat' dir='ltr'>est-</span> 
     </span>
     <span class='ocr_line' id='line_1_17' title="bbox 69 1977 1146 2076; baseline 0.007 -30"><span class='ocrx_word' id='word_1_114' title='bbox 69 1983 111 2047; x_wconf 90' lang='lat' dir='ltr'>in</span> <span class='ocrx_word' id='word_1_115' title='bbox 134 2004 230 2047; x_wconf 83' lang='lat' dir='ltr'>causa</span> <span class='ocrx_word' id='word_1_116' title='bbox 263 1978 305 2045; x_wconf 80' lang='lat' dir='ltr'>de</span> <span class='ocrx_word' id='word_1_117' title='bbox 333 2003 472 2059; x_wconf 84' lang='lat' dir='ltr'>corona,</span> <span class='ocrx_word' id='word_1_118' title='bbox 503 1977 582 2045; x_wconf 85' lang='lat' dir='ltr'>inde</span> <span class='ocrx_word' id='word_1_119' title='bbox 610 1979 771 2047; x_wconf 89' lang='lat' dir='ltr'>nimirum</span> <span class='ocrx_word' id='word_1_120' title='bbox 792 1982 915 2074; x_wconf 87' lang='lat' dir='ltr'>petito,</span> <span class='ocrx_word' id='word_1_121' title='bbox 949 2008 1018 2076; x_wconf 77' lang='lat' dir='ltr'>quo</span> <span class='ocrx_word' id='word_1_122' title='bbox 1039 2003 1114 2053; x_wconf 86' lang='lat' dir='ltr'>tum</span> <span class='ocrx_word' id='word_1_123' title='bbox 1130 1999 1146 2074; x_wconf 62' lang='lat' dir='ltr'><em>J</em></span> 
     </span>
     <span class='ocr_line' id='line_1_18' title="bbox 69 2085 1113 2181; baseline 0.006 -29"><span class='ocrx_word' id='word_1_124' title='bbox 69 2086 257 2178; x_wconf 86' lang='lat' dir='ltr'>repositum</span> <span class='ocrx_word' id='word_1_125' title='bbox 281 2102 360 2151; x_wconf 88' lang='lat' dir='ltr'>erat</span> <span class='ocrx_word' id='word_1_126' title='bbox 404 2085 599 2176; x_wconf 88' lang='lat' dir='ltr'>Repositum</span> <span class='ocrx_word' id='word_1_127' title='bbox 622 2101 733 2151; x_wconf 88' lang='lat' dir='ltr'>autem</span> <span class='ocrx_word' id='word_1_128' title='bbox 755 2110 824 2152; x_wconf 90' lang='lat' dir='ltr'>esse</span> <span class='ocrx_word' id='word_1_129' title='bbox 853 2105 923 2154; x_wconf 90' lang='lat' dir='ltr'>tum</span> <span class='ocrx_word' id='word_1_130' title='bbox 944 2107 1054 2181; x_wconf 87' lang='lat' dir='ltr'>potest</span> <span class='ocrx_word' id='word_1_131' title='bbox 1074 2091 1113 2158; x_wconf 87' lang='lat' dir='ltr'>in</span> 
     </span>
     <span class='ocr_line' id='line_1_19' title="bbox 70 2187 1174 2288; baseline 0.007 -32"><span class='ocrx_word' id='word_1_132' title='bbox 70 2207 266 2283; x_wconf 86' lang='lat' dir='ltr'>praetorum</span> <span class='ocrx_word' id='word_1_133' title='bbox 289 2187 470 2269; x_wconf 51' lang='lat' dir='ltr'>tabularios</span> <span class='ocrx_word' id='word_1_134' title='bbox 494 2191 522 2254; x_wconf 90' lang='lat' dir='ltr'>si</span> <span class='ocrx_word' id='word_1_135' title='bbox 545 2212 641 2256; x_wconf 87' lang='lat' dir='ltr'>causa</span> <span class='ocrx_word' id='word_1_136' title='bbox 663 2214 681 2254; x_wconf 85' lang='lat' dir='ltr'>a</span> <span class='ocrx_word' id='word_1_137' title='bbox 705 2190 930 2260; x_wconf 77' lang='lat' dir='ltr'>Demosthene</span> <span class='ocrx_word' id='word_1_138' title='bbox 953 2193 996 2260; x_wconf 84' lang='lat' dir='ltr'>ad</span> <span class='ocrx_word' id='word_1_139' title='bbox 1016 2220 1115 2288; x_wconf 85' lang='lat' dir='ltr'>prae-</span> <span class='ocrx_word' id='word_1_140' title='bbox 1159 2205 1174 2248; x_wconf 64' lang='grc' dir='ltr'>Ι</span> 
     </span>
     <span class='ocr_line' id='line_1_20' title="bbox 71 2291 1152 2384; baseline 0.002 -23"><span class='ocrx_word' id='word_1_141' title='bbox 71 2313 161 2362; x_wconf 91' lang='lat' dir='ltr'>tores</span> <span class='ocrx_word' id='word_1_142' title='bbox 189 2292 299 2360; x_wconf 85' lang='lat' dir='ltr'>delata</span> <span class='ocrx_word' id='word_1_143' title='bbox 329 2291 413 2357; x_wconf 90' lang='lat' dir='ltr'>ab</span> <span class='ocrx_word' id='word_1_144' title='bbox 404 2292 485 2384; x_wconf 88' lang='lat' dir='ltr'>rpsis</span> <span class='ocrx_word' id='word_1_145' title='bbox 524 2293 732 2382; x_wconf 88' lang='lat' dir='ltr'>praetoribus</span> <span class='ocrx_word' id='word_1_146' title='bbox 764 2293 909 2364; x_wconf 82' lang='lat' dir='ltr'>iudicata</span> <span class='ocrx_word' id='word_1_147' title='bbox 942 2300 994 2366; x_wconf 90' lang='lat' dir='ltr'>sit.</span> <span class='ocrx_word' id='word_1_148' title='bbox 1045 2299 1115 2368; x_wconf 85' lang='lat' dir='ltr'>Sed</span> <span class='ocrx_word' id='word_1_149' title='bbox 1148 2359 1152 2363; x_wconf 86' lang='lat'><strong>.</strong></span> 
     </span>
     <span class='ocr_line' id='line_1_21' title="bbox 70 2395 1114 2498; baseline 0.007 -34"><span class='ocrx_word' id='word_1_150' title='bbox 70 2400 140 2466; x_wconf 88' lang='lat' dir='ltr'>hoe</span> <span class='ocrx_word' id='word_1_151' title='bbox 162 2415 326 2496; x_wconf 88' lang='lat' dir='ltr'>repugnat</span> <span class='ocrx_word' id='word_1_152' title='bbox 347 2395 559 2462; x_wconf 87' lang='lat' dir='ltr'>Atheniensis</span> <span class='ocrx_word' id='word_1_153' title='bbox 581 2398 649 2462; x_wconf 89' lang='lat' dir='ltr'>rei</span> <span class='ocrx_word' id='word_1_154' title='bbox 661 2395 849 2489; x_wconf 86' lang='lat' dir='ltr'>publicae</span> <span class='ocrx_word' id='word_1_155' title='bbox 839 2403 1009 2498; x_wconf 82' lang='lat' dir='ltr'>institutis.</span> <span class='ocrx_word' id='word_1_156' title='bbox 1053 2405 1114 2471; x_wconf 85' lang='lat' dir='ltr'>Ni-</span> 
     </span>
     <span class='ocr_line' id='line_1_22' title="bbox 72 2499 1133 2594; baseline 0.006 -25"><span class='ocrx_word' id='word_1_157' title='bbox 72 2505 202 2570; x_wconf 90' lang='lat' dir='ltr'>mirum</span> <span class='ocrx_word' id='word_1_158' title='bbox 224 2500 464 2568; x_wconf 87' lang='lat' dir='ltr'>Demosthenes</span> <span class='ocrx_word' id='word_1_159' title='bbox 491 2501 694 2567; x_wconf 85' lang='lat' dir='ltr'>Aeschinem</span> <span class='ocrx_word' id='word_1_160' title='bbox 721 2499 780 2590; x_wconf 84' lang='lat' dir='ltr'>ad</span> <span class='ocrx_word' id='word_1_161' title='bbox 777 2521 961 2594; x_wconf 89' lang='lat' dir='ltr'>praetores</span> <span class='ocrx_word' id='word_1_162' title='bbox 984 2505 1133 2592; x_wconf 49' lang='lat' dir='ltr'>detulit,¹</span> 
     </span>
    </p>
   </div>
   <div class='ocr_carea' id='block_1_5' title="bbox 74 2602 1196 2706">
    <p class='ocr_par' dir='ltr' id='par_1_6' title="bbox 74 2602 1196 2706">
     <span class='ocr_line' id='line_1_23' title="bbox 74 2602 1196 2706; baseline 0.005 -32"><span class='ocrx_word' id='word_1_163' title='bbox 74 2626 127 2689; x_wconf 88' lang='lat' dir='ltr'>ut,</span> <span class='ocrx_word' id='word_1_164' title='bbox 158 2629 225 2698; x_wconf 88' lang='lat' dir='ltr'>quo</span> <span class='ocrx_word' id='word_1_165' title='bbox 256 2606 391 2697; x_wconf 81' lang='lat' dir='ltr'>gravius</span> <span class='ocrx_word' id='word_1_166' title='bbox 409 2602 450 2672; x_wconf 91' lang='lat' dir='ltr'>de</span> <span class='ocrx_word' id='word_1_167' title='bbox 471 2627 511 2672; x_wconf 87' lang='lat' dir='ltr'>eo</span> <span class='ocrx_word' id='word_1_168' title='bbox 535 2605 738 2696; x_wconf 86' lang='lat' dir='ltr'>supplicium</span> <span class='ocrx_word' id='word_1_169' title='bbox 763 2605 874 2690; x_wconf 89' lang='lat' dir='ltr'>fieret,</span> <span class='ocrx_word' id='word_1_170' title='bbox 897 2611 938 2676; x_wconf 88' lang='lat' dir='ltr'>ab</span> <span class='ocrx_word' id='word_1_171' title='bbox 960 2612 1044 2678; x_wconf 87' lang='lat' dir='ltr'>his&#39;</span> <span class='ocrx_word' id='word_1_172' title='bbox 1034 2615 1116 2706; x_wconf 85' lang='lat' dir='ltr'>rpsis</span> <span class='ocrx_word' id='word_1_173' title='bbox 1194 2662 1196 2668; x_wconf 87' lang='lat'>-</span> 
     </span>
    </p>
   </div>
   <div class='ocr_carea' id='block_1_6' title="bbox 75 2710 1226 2801">
    <p class='ocr_par' dir='ltr' id='par_1_7' title="bbox 75 2710 1226 2801">
     <span class='ocr_line' id='line_1_24' title="bbox 75 2710 1226 2801; baseline 0.006 -22"><span class='ocrx_word' id='word_1_174' title='bbox 75 2714 164 2780; x_wconf 86' lang='lat' dir='ltr'>actio</span> <span class='ocrx_word' id='word_1_175' title='bbox 194 2713 434 2778; x_wconf 85' lang='lat' dir='ltr'>institueretur.</span> <span class='ocrx_word' id='word_1_176' title='bbox 490 2710 659 2777; x_wconf 82' lang='lat' dir='ltr'>Praetores</span> <span class='ocrx_word' id='word_1_177' title='bbox 693 2712 784 2794; x_wconf 85' lang='lat' dir='ltr'>enim</span> <span class='ocrx_word' id='word_1_178' title='bbox 811 2711 938 2782; x_wconf 87' lang='lat' dir='ltr'>solitos</span> <span class='ocrx_word' id='word_1_179' title='bbox 957 2739 1027 2784; x_wconf 88' lang='lat' dir='ltr'>esse</span> <span class='ocrx_word' id='word_1_180' title='bbox 1056 2723 1115 2801; x_wconf 88' lang='lat' dir='ltr'>eis,</span> <span class='ocrx_word' id='word_1_181' title='bbox 1224 2791 1226 2797; x_wconf 15' lang='grc' dir='ltr'><em>Α</em></span> 
     </span>
    </p>
   </div>
   <div class='ocr_carea' id='block_1_7' title="bbox 49 2813 1198 4165">
    <p class='ocr_par' dir='ltr' id='par_1_8' title="bbox 49 2813 1198 4165">
     <span class='ocr_line' id='line_1_25' title="bbox 78 2813 1117 2912; baseline 0.009 -30"><span class='ocrx_word' id='word_1_182' title='bbox 78 2817 142 2909; x_wconf 91' lang='lat' dir='ltr'>qui</span> <span class='ocrx_word' id='word_1_183' title='bbox 169 2840 247 2900; x_wconf 84' lang='lat' dir='ltr'>eum</span> <span class='ocrx_word' id='word_1_184' title='bbox 274 2814 367 2882; x_wconf 90' lang='lat' dir='ltr'>hoste</span> <span class='ocrx_word' id='word_1_185' title='bbox 400 2813 660 2881; x_wconf 83' lang='lat' dir='ltr'>familiaritatem</span> <span class='ocrx_word' id='word_1_186' title='bbox 689 2815 882 2899; x_wconf 89' lang='lat' dir='ltr'>habuerint,</span> <span class='ocrx_word' id='word_1_187' title='bbox 906 2821 1117 2912; x_wconf 84' lang='lat' dir='ltr'>proditionis</span> 
     </span>
     <span class='ocr_line' id='line_1_26' title="bbox 76 2918 1183 3012; baseline 0.009 -26"><span class='ocrx_word' id='word_1_188' title='bbox 76 2921 174 2987; x_wconf 88' lang='lat' dir='ltr'>litem</span> <span class='ocrx_word' id='word_1_189' title='bbox 195 2919 385 3000; x_wconf 87' lang='lat' dir='ltr'>intendere,</span> <span class='ocrx_word' id='word_1_190' title='bbox 418 2918 526 3011; x_wconf 89' lang='lat' dir='ltr'>liquet</span> <span class='ocrx_word' id='word_1_191' title='bbox 557 2945 598 2985; x_wconf 86' lang='lat' dir='ltr'>ex</span> <span class='ocrx_word' id='word_1_192' title='bbox 627 2944 724 2987; x_wconf 88' lang='lat' dir='ltr'>causa</span> <span class='ocrx_word' id='word_1_193' title='bbox 750 2921 980 3012; x_wconf 87' lang='lat' dir='ltr'>Antiphontea</span> <span class='ocrx_word' id='word_1_194' title='bbox 1002 2943 1035 2994; x_wconf 91' lang='lat' dir='ltr'>et</span> <span class='ocrx_word' id='word_1_195' title='bbox 1055 2925 1116 2996; x_wconf 88' lang='lat' dir='ltr'>illo</span> <span class='ocrx_word' id='word_1_196' title='bbox 1179 2923 1183 2943; x_wconf 71' lang='lat'><strong><em>⁴</em></strong></span> 
     </span>
     <span class='ocr_line' id='line_1_27' title="bbox 78 3013 1119 3137; baseline 0.008 -45"><span class='ocrx_word' id='word_1_197' title='bbox 78 3043 212 3092; x_wconf 89' lang='lat' dir='ltr'>senatus</span> <span class='ocrx_word' id='word_1_198' title='bbox 249 3023 417 3104; x_wconf 87' lang='lat' dir='ltr'>consulto,</span> <span class='ocrx_word' id='word_1_199' title='bbox 446 3021 579 3114; x_wconf 92' lang='lat' dir='ltr'>quod</span> <span class='ocrx_word' id='word_1_200' title='bbox 570 3048 607 3089; x_wconf 87' lang='lat' dir='ltr'>m</span> <span class='ocrx_word' id='word_1_201' title='bbox 632 3013 852 3115; x_wconf 83' lang='lat' dir='ltr'>Antiphontis</span> <span class='ocrx_word' id='word_1_202' title='bbox 884 3029 951 3094; x_wconf 88' lang='lat' dir='ltr'>vita</span> <span class='ocrx_word' id='word_1_203' title='bbox 978 3032 1119 3137; x_wconf 75' lang='lat' dir='ltr'>servevit</span> 
     </span>
     <span class='ocr_line' id='line_1_28' title="bbox 78 3125 1118 3230; baseline 0.009 -34"><span class='ocrx_word' id='word_1_204' title='bbox 78 3127 236 3198; x_wconf 88' lang='lat' dir='ltr'>Pseudo·</span> <span class='ocrx_word' id='word_1_205' title='bbox 245 3127 451 3194; x_wconf 90' lang='lat' dir='ltr'>Plutarchus.</span> <span class='ocrx_word' id='word_1_206' title='bbox 496 3127 538 3205; x_wconf 92' lang='lat' dir='ltr'>V.</span> <span class='ocrx_word' id='word_1_207' title='bbox 561 3125 714 3197; x_wconf 85' lang='lat' dir='ltr'>Sehoem.</span> <span class='ocrx_word' id='word_1_208' title='bbox 738 3127 780 3194; x_wconf 90' lang='lat' dir='ltr'>de</span> <span class='ocrx_word' id='word_1_209' title='bbox 793 3127 1005 3224; x_wconf 74' lang='lat' dir='ltr'>Comrtp</span> <span class='ocrx_word' id='word_1_210' title='bbox 982 3155 1045 3202; x_wconf 78' lang='lat' dir='ltr'>non</span> <span class='ocrx_word' id='word_1_211' title='bbox 1067 3161 1118 3230; x_wconf 83' lang='lat' dir='ltr'>sq.</span> 
     </span>
     <span class='ocr_line' id='line_1_29' title="bbox 79 3217 1119 3308; baseline 0.007 -7"><span class='ocrx_word' id='word_1_212' title='bbox 79 3217 293 3301; x_wconf 81' lang='lat' dir='ltr'>Praetoribus</span> <span class='ocrx_word' id='word_1_213' title='bbox 316 3248 426 3298; x_wconf 91' lang='lat' dir='ltr'>autem</span> <span class='ocrx_word' id='word_1_214' title='bbox 452 3256 548 3298; x_wconf 86' lang='lat' dir='ltr'>causa</span> <span class='ocrx_word' id='word_1_215' title='bbox 581 3231 759 3299; x_wconf 89' lang='lat' dir='ltr'>eiusmodi</span> <span class='ocrx_word' id='word_1_216' title='bbox 774 3234 818 3299; x_wconf 83' lang='lat' dir='ltr'>ad</span> <span class='ocrx_word' id='word_1_217' title='bbox 840 3254 1001 3304; x_wconf 89' lang='lat' dir='ltr'>senatum</span> <span class='ocrx_word' id='word_1_218' title='bbox 1028 3239 1119 3308; x_wconf 85' lang='lat' dir='ltr'>defe-</span> 
     </span>
     <span class='ocr_line' id='line_1_30' title="bbox 79 3315 1118 3428; baseline 0.006 -23"><span class='ocrx_word' id='word_1_219' title='bbox 79 3336 188 3406; x_wconf 85' lang='lat' dir='ltr'>reuda</span> <span class='ocrx_word' id='word_1_220' title='bbox 210 3355 292 3416; x_wconf 67' lang='lat' dir='ltr'>erat,</span> <span class='ocrx_word' id='word_1_221' title='bbox 311 3337 370 3428; x_wconf 89' lang='lat' dir='ltr'>qui</span> <span class='ocrx_word' id='word_1_222' title='bbox 389 3359 463 3404; x_wconf 88' lang='lat' dir='ltr'>reos</span> <span class='ocrx_word' id='word_1_223' title='bbox 486 3354 542 3403; x_wconf 91' lang='lat' dir='ltr'>aut</span> <span class='ocrx_word' id='word_1_224' title='bbox 563 3337 674 3404; x_wconf 83' lang='lat' dir='ltr'>statim</span> <span class='ocrx_word' id='word_1_225' title='bbox 695 3315 870 3406; x_wconf 86' lang='lat' dir='ltr'>Heliastieo</span> <span class='ocrx_word' id='word_1_226' title='bbox 894 3339 1075 3412; x_wconf 84' lang='lat' dir='ltr'>tradebat</span> <span class='ocrx_word' id='word_1_227' title='bbox 1064 3369 1118 3411; x_wconf 86' lang='lat' dir='ltr'>ru·</span> 
     </span>
     <span class='ocr_line' id='line_1_31' title="bbox 81 3438 1119 3533; baseline 0.007 -25"><span class='ocrx_word' id='word_1_228' title='bbox 81 3442 185 3521; x_wconf 88' lang='lat' dir='ltr'>dicio,</span> <span class='ocrx_word' id='word_1_229' title='bbox 207 3438 358 3531; x_wconf 92' lang='lat' dir='ltr'>id.quod</span> <span class='ocrx_word' id='word_1_230' title='bbox 386 3441 423 3506; x_wconf 92' lang='lat' dir='ltr'>in</span> <span class='ocrx_word' id='word_1_231' title='bbox 455 3438 512 3506; x_wconf 82' lang='lat' dir='ltr'>ille</span> <span class='ocrx_word' id='word_1_232' title='bbox 541 3442 758 3533; x_wconf 86' lang='lat' dir='ltr'>Antiphontis</span> <span class='ocrx_word' id='word_1_233' title='bbox 787 3467 884 3512; x_wconf 83' lang='lat' dir='ltr'>causa</span> <span class='ocrx_word' id='word_1_234' title='bbox 915 3444 1119 3530; x_wconf 81' lang='lat' dir='ltr'>factumest,</span> 
     </span>
     <span class='ocr_line' id='line_1_32' title="bbox 49 3533 1119 3640; baseline 0.007 -27"><span class='ocrx_word' id='word_1_235' title='bbox 49 3581 50 3584; x_wconf 38' lang='lat'>¹</span> <span class='ocrx_word' id='word_1_236' title='bbox 83 3564 140 3613; x_wconf 84' lang='lat' dir='ltr'>aut</span> <span class='ocrx_word' id='word_1_237' title='bbox 161 3543 326 3615; x_wconf 83' lang='lat' dir='ltr'>delatione</span> <span class='ocrx_word' id='word_1_238' title='bbox 349 3542 391 3610; x_wconf 91' lang='lat' dir='ltr'>ad</span> <span class='ocrx_word' id='word_1_239' title='bbox 412 3543 576 3636; x_wconf 90' lang='lat' dir='ltr'>populum</span> <span class='ocrx_word' id='word_1_240' title='bbox 598 3543 762 3636; x_wconf 80' lang='lat' dir='ltr'>delegata,</span> <span class='ocrx_word' id='word_1_241' title='bbox 783 3547 864 3616; x_wconf 88' lang='lat' dir='ltr'>huie</span> <span class='ocrx_word' id='word_1_242' title='bbox 886 3549 971 3640; x_wconf 92' lang='lat' dir='ltr'>quid</span> <span class='ocrx_word' id='word_1_243' title='bbox 992 3533 1040 3617; x_wconf 49' lang='lat' dir='ltr'>‘de</span> <span class='ocrx_word' id='word_1_244' title='bbox 1060 3575 1119 3620; x_wconf 85' lang='lat' dir='ltr'>reo</span> 
     </span>
     <span class='ocr_line' id='line_1_33' title="bbox 84 3647 1198 3740; baseline 0.005 -22"><span class='ocrx_word' id='word_1_245' title='bbox 84 3647 297 3718; x_wconf 86' lang='lat' dir='ltr'>statuendum</span> <span class='ocrx_word' id='word_1_246' title='bbox 324 3663 407 3714; x_wconf 88' lang='lat' dir='ltr'>esset</span> <span class='ocrx_word' id='word_1_247' title='bbox 433 3651 653 3740; x_wconf 82' lang='lat' dir='ltr'>permittebat</span> <span class='ocrx_word' id='word_1_248' title='bbox 696 3650 779 3716; x_wconf 89' lang='lat' dir='ltr'>Erat</span> <span class='ocrx_word' id='word_1_249' title='bbox 807 3653 897 3718; x_wconf 89' lang='lat' dir='ltr'>enim</span> <span class='ocrx_word' id='word_1_250' title='bbox 918 3653 982 3720; x_wconf 93' lang='lat' dir='ltr'>hoe</span> <span class='ocrx_word' id='word_1_251' title='bbox 1005 3677 1121 3724; x_wconf 83' lang='lat' dir='ltr'>causae</span> <span class='ocrx_word' id='word_1_252' title='bbox 1196 3659 1198 3664; x_wconf 76' lang='grc'><strong>’</strong></span> 
     </span>
     <span class='ocr_line' id='line_1_34' title="bbox 85 3750 1122 3852; baseline 0.009 -33"><span class='ocrx_word' id='word_1_253' title='bbox 85 3777 189 3846; x_wconf 88' lang='lat' dir='ltr'>genus</span> <span class='ocrx_word' id='word_1_254' title='bbox 211 3751 258 3832; x_wconf 89' lang='lat' dir='ltr'>id,</span> <span class='ocrx_word' id='word_1_255' title='bbox 282 3750 375 3843; x_wconf 86' lang='lat' dir='ltr'>quod</span> <span class='ocrx_word' id='word_1_256' title='bbox 396 3755 562 3838; x_wconf 74' lang='grc' dir='ltr'><em>εῑςαγγελία</em></span> <span class='ocrx_word' id='word_1_257' title='bbox 582 3768 726 3836; x_wconf 77' lang='lat' dir='ltr'>vocabu,</span> <span class='ocrx_word' id='word_1_258' title='bbox 750 3754 792 3821; x_wconf 90' lang='lat' dir='ltr'>de</span> <span class='ocrx_word' id='word_1_259' title='bbox 815 3756 881 3848; x_wconf 79' lang='lat' dir='ltr'>qun</span> <span class='ocrx_word' id='word_1_260' title='bbox 902 3760 1031 3850; x_wconf 84' lang='lat' dir='ltr'>egregie</span> <span class='ocrx_word' id='word_1_261' title='bbox 1054 3762 1122 3852; x_wconf 90' lang='lat' dir='ltr'>egit</span> 
     </span>
     <span class='ocr_line' id='line_1_35' title="bbox 87 3853 1122 3951; baseline 0.007 -27"><span class='ocrx_word' id='word_1_262' title='bbox 87 3857 308 3924; x_wconf 86' lang='lat' dir='ltr'>Schoemann.</span> <span class='ocrx_word' id='word_1_263' title='bbox 340 3853 382 3922; x_wconf 90' lang='lat' dir='ltr'>de</span> <span class='ocrx_word' id='word_1_264' title='bbox 414 3855 535 3924; x_wconf 90' lang='lat' dir='ltr'>Comit.</span> <span class='ocrx_word' id='word_1_265' title='bbox 564 3882 599 3949; x_wconf 91' lang='lat' dir='ltr'>p.</span> <span class='ocrx_word' id='word_1_266' title='bbox 637 3881 821 3951; x_wconf 19' lang='lat' dir='ltr'>170szqq„</span> <span class='ocrx_word' id='word_1_267' title='bbox 848 3859 1122 3932; x_wconf 87' lang='lat' dir='ltr'>Similiratione</span> 
     </span>
     <span class='ocr_line' id='line_1_36' title="bbox 87 3952 1122 4055; baseline 0.008 -27"><span class='ocrx_word' id='word_1_268' title='bbox 87 3965 126 4029; x_wconf 87' lang='lat' dir='ltr'>in</span> <span class='ocrx_word' id='word_1_269' title='bbox 146 3952 209 4034; x_wconf 76' lang='lat' dir='ltr'>hae</span> <span class='ocrx_word' id='word_1_270' title='bbox 232 3966 367 4053; x_wconf 84' lang='lat' dir='ltr'>quoque</span> <span class='ocrx_word' id='word_1_271' title='bbox 389 3985 486 4028; x_wconf 84' lang='lat' dir='ltr'>cause</span> <span class='ocrx_word' id='word_1_272' title='bbox 508 3979 617 4028; x_wconf 87' lang='lat' dir='ltr'>aetum</span> <span class='ocrx_word' id='word_1_273' title='bbox 640 3986 726 4044; x_wconf 81' lang='lat' dir='ltr'>esse,</span> <span class='ocrx_word' id='word_1_274' title='bbox 755 3965 858 4055; x_wconf 90' lang='lat' dir='ltr'>ipsius</span> <span class='ocrx_word' id='word_1_275' title='bbox 879 3967 930 4031; x_wconf 86' lang='lat' dir='ltr'>rei</span> <span class='ocrx_word' id='word_1_276' title='bbox 955 3969 1039 4037; x_wconf 88' lang='lat' dir='ltr'>ratio</span> <span class='ocrx_word' id='word_1_277' title='bbox 1062 3966 1122 4036; x_wconf 90' lang='lat' dir='ltr'>do-</span> 
     </span>
     <span class='ocr_line' id='line_1_37' title="bbox 88 4065 1122 4165; baseline 0.006 -33"><span class='ocrx_word' id='word_1_278' title='bbox 88 4083 150 4134; x_wconf 88' lang='lat' dir='ltr'>eet.</span> <span class='ocrx_word' id='word_1_279' title='bbox 203 4066 247 4132; x_wconf 90' lang='lat' dir='ltr'>Et</span> <span class='ocrx_word' id='word_1_280' title='bbox 279 4089 315 4131; x_wconf 84' lang='lat' dir='ltr'>ex</span> <span class='ocrx_word' id='word_1_281' title='bbox 345 4065 676 4156; x_wconf 31' lang='lat' dir='ltr'>verbis-Aeschini&amp;</span> <span class='ocrx_word' id='word_1_282' title='bbox 706 4089 819 4160; x_wconf 90' lang='lat' dir='ltr'>supra.</span> <span class='ocrx_word' id='word_1_283' title='bbox 846 4066 970 4156; x_wconf 79' lang='lat' dir='ltr'>allatis,</span> <span class='ocrx_word' id='word_1_284' title='bbox 1000 4072 1122 4165; x_wconf 84' lang='lat' dir='ltr'>proba-</span> 
     </span>
    </p>
   </div>
   <div class='ocr_carea' id='block_1_8' title="bbox 0 0 1406 4774">
    <p class='ocr_par' dir='ltr' id='par_1_9' title="bbox 0 0 1406 4774">
     <span class='ocr_line' id='line_1_38' title="bbox 0 0 1406 4774; baseline 0 0"><span class='ocrx_word' id='word_1_285' title='bbox 0 0 1406 4774; x_wconf 95' lang='lat' dir='ltr'> </span> 
     </span>
    </p>
   </div>
  </div>
 </body>
</html>
