2694 4784
739 259 786 332 86

244 419 350 530 quum
386 432 467 502 tales
501 435 585 515 sint,
624 448 663 500 ut
691 430 745 499 vel
780 429 823 497 td
859 427 963 498 fidem
997 427 1307 520 integritatemque

246 543 316 608 cius
339 541 376 606 in
399 537 540 604 dubium
560 535 744 606 vocandam
772 532 916 618 valeant,
947 557 987 602 eo
1013 534 1179 601 maiorem
1205 533 1310 600 inve-

246 643 429 736 stigationis
453 629 753 735 explicationisque
775 662 912 732 operam
944 638 1131 730 requirunt.
1178 636 1310 731 Atque

245 751 354 841 prima
376 744 554 812 difficultas
580 746 618 812 in
644 745 845 838 legatorum,
872 743 938 834 qut
967 741 1012 808 ad
1039 737 1258 832 exigendum
1292 766 1312 808 a

241 850 405 945 ¹Philippo
428 851 477 916 ius
500 848 683 916 iurandum
709 849 813 916 creati
839 848 877 913 in
906 845 1040 914 decreto
1061 844 1311 928 nemineum,

236 965 388 1024 'numero
416 977 456 1020 ec
484 953 679 1020 nominibus
709 955 806 1018 inest.
855 949 1050 1043 Suscepisse
1076 951 1169 1017 enim
1204 950 1311 1016 iussu

247 1057 369 1152 populi
389 1055 477 1124 hanc
497 1055 699 1148 legationem
721 1059 759 1123 in
781 1056 915 1123 decreto
939 1055 1091 1147 quinque
1115 1051 1306 1122 dicuntur:

150 1167 154 1176 '
249 1162 412 1243 Eubulus,
435 1162 629 1244 Aeschines,
654 1159 905 1254 Cephisophon,
925 1159 1153 1241 Democrates,
1175 1157 1306 1225 Cleon.

248 1269 377 1336 llorum
399 1290 476 1334 vero
498 1268 656 1334 numerus
685 1289 791 1357 aeque
819 1288 858 1330 ac
887 1264 1025 1332 nomina
1053 1284 1145 1330 cum.
1159 1263 1205 1329 lis
1239 1262 1303 1331 mi-

249 1373 342 1440 nim'e
365 1387 565 1463 congruunt,
588 1393 673 1461 quae
692 1367 831 1439 aliunde
845 1369 1016 1436 notissima
1030 1384 1119 1449 sunt,
1143 1384 1179 1434 et
1193 1365 1302 1434 fidem

72 1527 75 1534 -
160 1513 165 1517 ·
249 1475 381 1544 hebent
397 1473 704 1568 exploratissimum.
749 1473 836 1540 Nem
864 1473 1015 1566 primum
1036 1493 1108 1538 non
1130 1472 1305 1565 quinque,

251 1578 310 1648 sed
332 1578 449 1646 decem
476 1575 600 1669 legatos
630 1595 773 1659 constat,
807 1576 946 1645 alteram
975 1573 1018 1642 ad
1047 1575 1261 1667 exigendum
1289 1600 1309 1641 a

251 1707 330 1777 rege
350 1681 606 1751 ius-iurandum
625 1682 828 1776 legationem
840 1683 971 1750 obiisse.
1016 1679 1117 1747 Unde
1130 1703 1204 1750 uon
1228 1681 1307 1749 sine

251 1811 360 1856 cansa·
378 1787 582 1878 adsmiptum
610 1789 648 1854 in
669 1811 737 1856 uno
767 1783 839 1855 cod.
869 1803 985 1852 exstat:
1008 1784 1202 1880 ,ἀπορητέον
1231 1787 1308 1873 περὶ

250 1898 307 1960 τοῦ
339 1897 403 1958 τῶν
429 1892 589 1978 πρέσβεων
626 1891 777 1979 cplitana.
839 1888 880 1957 ld
914 1891 975 1982 qui
1005 1889 1070 1956 sibi
1099 1911 1307 1982 persuasum

252 1983 322 2062 esse
343 1993 440 2076 uelit,
469 1993 663 2060 alterutram
692 1992 793 2062 modo
817 1991 859 2060 de
881 1993 963 2065 falsa
990 1993 1087 2088 legat.
1110 1994 1307 2062 orationem

251 2099 419 2190 inspiciat.
466 2098 574 2180 Quam
596 2099 640 2164 oh
662 2121 735 2164 rem
756 2097 808 2166 vel
830 2121 936 2164 unum
958 2096 1168 2167 solummodo
1183 2096 1305 2167 locum

251 2223 293 2268 ex
314 2199 457 2296 utroque
480 2219 610 2269 oratore
632 2201 748 2269 afferre
770 2204 847 2270 satis
869 2203 947 2284 erit,
971 2227 1039 2296 quo
1066 2225 1118 2269 res
1146 2202 1235 2272 clare
1267 2219 1304 2269 et

252 2327 406 2398 expresse
429 2305 655 2374 confirmatur.
700 2307 883 2374 Aeschines
905 2309 998 2374 enim
1024 2307 1141 2374 decem
1170 2323 1297 2374 creatos

254 2433 323 2480 esse
345 2409 386 2479 ab
408 2409 670 2478 Atheniensibus
691 2411 814 2505 legatos
844 2413 904 2494 ait,
938 2411 1058 2505 quihus
1081 2409 1297 2480 undecimum

253 2538 293 2583 ex
314 2515 412 2584 sociis
434 2518 618 2599 accessisse,
639 2545 673 2586 π.
690 2533 887 2608 παροπρ.Ῥ.
910 2515 948 2602 alst
967 2517 1014 2583 in.
1061 2514 1148 2582 Cum
1162 2533 1202 2583 eo
1220 2539 1303 2584 con-

253 2621 359 2710 spirat
393 2619 634 2685 Demosthenes
665 2621 718 2686 his
754 2621 899 2686 maxime
934 2621 1058 2688 verbis:
1095 2619 1160 2688 ἴστε
1197 2620 1303 2708 δήπου

253 2721 379 2810 πρῴην,
402 2719 446 2786 ὅτ’
470 2719 647 2806 ιῖςήγγειλεν
663 2719 830 2812 Ὑπερίδης
861 2723 1073 2812 Φιλοκράτην,
1106 2725 1154 2792 ὅτι
1182 2733 1305 2816 παρελ-

253 2824 325 2892 θὼν
338 2822 412 2907 ’ἐγὼ
436 2825 641 2911 ὃοςχεροιίνιιν
662 2825 741 2914 ’ἔφην
768 2829 800 2894 ἕν
820 2853 850 2894 τι
876 2835 933 2914 τῆς
959 2831 1158 2916 clematius,
1190 2831 1220 2896 el
1241 2830 1305 2916 μό-

254 2952 308 3008 νος
333 2923 529 3014 Φιλοκράτης
550 2927 709 2998 τοσούτων
729 2933 780 2998 καὶ
802 2930 952 3000 τοιούτων
972 2932 1174 3019 ἀδικημάτων
1199 2934 1305 3012 αἴτιος

253 3033 391 3120 γέγονεν,
426 3031 462 3097 οἷ
483 3033 510 3098 δ’
532 3034 642 3102 ἐννέα
663 3038 727 3102 τῶν
747 3037 907 3124 πρέσβεων
927 3036 1070 3122 μηδενός.
1102 3065 1136 3105 οι.
1158 3063 1304 3128 παραπρ.

254 3160 289 3229 p.
313 3134 388 3226 376.
433 3137 473 3202 ln
496 3155 609 3208 nostro
631 3156 744 3208 autem
766 3139 901 3209 decreto
919 3142 1056 3210 nonnisi
1079 3141 1233 3235 quinque
1256 3141 1306 3210 le-

255 3257 406 3331 gatorum
434 3241 572 3328 nomina
608 3262 738 3314 exarata
764 3263 939 3336 ceteraqm
972 3269 1042 3316 non
1073 3269 1151 3312 casu
1178 3249 1306 3316 omissa

255 3357 348 3424 sunt,
383 3342 443 3410 sed
472 3347 509 3412 in
538 3346 671 3420 decreto
699 3351 773 3442 ipso
804 3351 967 3443 scriptum
997 3366 1117 3418 exstat:
1155 3352 1306 3439 πρέσβεις

254 3447 382 3517 ἑλέσθαι
405 3450 437 3516 ln
458 3449 583 3520 πάντων
600 3452 779 3552 Minucius
800 3454 860 3541 ἤδη
884 3455 984 3524 πέντε.
1029 3455 1157 3523 Venun
1179 3457 1305 3524 etalio

255 3577 295 3620 ex
318 3571 414 3646 parte
436 3552 479 3626 de
500 3553 617 3654 legatis
639 3557 690 3624 his
713 3555 812 3628 haud*
826 3560 943 3652 exigua
962 3560 1109 3652 suspicio
1127 3561 1303 3632 excitatur.

254 3649 402 3751 Excepto
431 3660 522 3727 euim
549 3661 715 3728 Aeschine
748 3661 858 3730 nullus
892 3689 937 3731 ex
963 3666 1081 3732 ceteris
1120 3689 1232 3759 neque
1259 3666 1301 3733 ab

254 3764 419 3829 Aeschine
435 3787 499 3830 nec
522 3765 777 3834 aDemosthene
799 3769 836 3833 in
859 3792 924 3836 om.
949 3768 991 3835 de
1007 3794 1052 3836 m.
1066 3793 1096 3862 g.
1118 3768 1181 3862 leg.
1206 3770 1298 3837 affer-

255 3883 318 3946 tur,
342 3867 400 3932 sed
424 3869 481 3960 qui
504 3868 545 3932 ah
576 3887 720 3962 utroque
743 3891 872 3940 oratore
904 3877 943 3940 in
974 3874 1120 3940 secunda
1149 3875 1194 3940 ad
1221 3873 1298 3940 Phi-

254 3967 388 4062 lippum
418 3969 582 4061 legatione
609 3991 740 4065 partem
768 3977 916 4070 aliquam
945 3979 1098 4046 habuisse
1130 3977 1299 4060 dicuntur,

186 4135 194 4154 x
254 4073 358 4147 iidem
381 4090 468 4156 sunt,
494 4101 576 4168 quos
600 4095 633 4144 ct
653 4080 799 4170 primam
823 4081 865 4148 ad
889 4105 966 4172 eum
995 4083 1037 4152 de
1067 4085 1158 4176 pacis
1181 4082 1301 4152 eondi-
