2740 4774
451 319 456 326 .
528 246 686 350 aa,

75 401 78 408 ⁴
115 413 167 485 elus
185 417 397 502 Κολλισθόης
420 415 593 502 deiopeia.
638 416 724 485 Item
745 437 780 506 p·
804 415 866 484 253
885 414 983 484 initio
1005 413 1131 486 decreti

112 518 230 612 legitor:
265 519 474 608 Ἀριστόνικος
505 517 681 610 Φρεόῤῥιος
712 515 809 587 eluar:
841 520 878 584 in
905 518 975 586 fine
1007 519 1131 602 iterum

111 621 238 690 additur:
266 621 350 692 εἶπεν
370 622 579 714 Ἀριστόνικος
608 623 791 714 Φρεόόριος.
836 623 928 691 Haec
954 641 1044 690 certe
1071 623 1130 692 ad·

59 726 65 757 '
110 724 271 796 diamanta
304 751 375 797 non
404 745 546 820 possunt
580 751 622 796 cx
653 726 864 820 autographis
892 727 1128 798 Demosthenis

53 879 55 930 ἒ
109 831 235 923 prosecta
277 855 365 922 esse3
407 857 519 925 neque
555 830 680 914 videas,
721 833 856 901 cuinam
900 833 975 900 usui
998 830 1127 912 ¹addite

53 931 54 988 l
108 955 203 1026 postca
232 963 250 1005 a
278 937 429 1004 librariis
455 937 591 1020 luerint.
644 934 714 1006 Sed
743 934 859 1002 locum
888 935 1012 1004 habere
1033 953 1129 1028 pote-

50 1061 52 1128 ς
108 1057 168 1107 aaut
197 1044 233 1108 in
261 1042 425 1110 tabulario
447 1039 594 1135 publico,
615 1058 654 1109 nt
673 1039 761 1108 infra
782 1040 1053 1124 monstrabimus,
1074 1042 1129 1106 in-

108 1144 199 1238 deque
230 1146 299 1215 alio
327 1147 467 1214 traduci.
513 1147 553 1212 In
580 1143 654 1214 eliis
684 1162 798 1214 contra
831 1145 961 1214 miraris
996 1161 1128 1237 rogato·

104 1271 163 1316 rem
188 1254 325 1319 omnino
354 1250 482 1334 deesse,
510 1269 549 1318 ut
574 1251 612 1318 in
644 1250 869 1344 psephismate
902 1248 944 1317 de
977 1247 1127 1318 absoluto

102 1354 132 1418 iu
150 1364 252 1446 γραφῇ
273 1356 464 1444 παρανόμων
485 1355 712 1424 Demosthene
741 1380 775 1448 p.
799 1355 874 1434 abr,
897 1371 930 1422 et
951 1354 989 1432 io
1012 1353 1128 1422 decre-

102 1457 135 1524 tis
161 1457 290 1528 duobus
316 1485 351 1552 p.
386 1462 449 1527 aba
480 1458 523 1526 de
549 1453 694 1526 induciis
723 1483 744 1522 a
770 1456 928 1550 Philippo
957 1458 1125 1550 rogandis.

100 1563 136 1628 At
167 1589 205 1630 ex
236 1565 290 1632 his
317 1565 468 1656 primum
499 1586 568 1630 non
595 1563 723 1656 rogatio
752 1580 815 1642 est,
846 1561 907 1638 sed
934 1561 1053 1632 relatio
1082 1563 1125 1630 ad

98 1669 262 1759 populum,
284 1692 320 1734 ex
340 1665 481 1760 reliquis
503 1666 635 1762 duobus
656 1663 796 1734 alterum
816 1673 934 1751 βουλῆς
953 1670 1004 1734 καὶ
1018 1691 1125 1755 ,στρα-

96 1780 187 1857 τηγῶν
207 1773 325 1861 γνώμῃ,
348 1771 493 1839 alterum
520 1770 717 1858 πολεμάρχου
744 1769 853 1859 γνώμῃ
882 1771 1125 1862 conscriptum

95 1873 151 1942 huc
175 1878 277 1968 igitur
312 1876 354 1943 ab
381 1878 455 1969 ipso
483 1873 575 1942 haud
603 1874 707 1944 dubie
732 1873 964 1974 polemarcb93
998 1877 1036 1942 in
1063 1873 1152 1944 illo.

93 1983 230 2057 auctoris
258 2002 383 2050 nomen
415 1997 594 2072 propterea
625 2001 696 2048 nen
718 1977 869 2048 additum
888 1981 1008 2063 ¹suerit,
1030 1979 1125 2074 quod
1257 1983 1262 1996 ’

93 2106 156 2151 uun
176 2102 332 2180 rogatum
353 2086 406 2167 sit,
428 2084 488 2152 sed
502 2100 633 2154 senatus
647 2100 908 2178 praetorumque
919 2086 1010 2161 iussu
1022 2103 1056 2156 et
1066 2111 1124 2152 au-

93 2191 234 2258 ctoritate
245 2189 286 2255 ab
299 2192 372 2282 ipso
383 2189 519 2257 loutmss
532 2188 780 2262 scribasenatus
792 2191 1029 2284 conscriptum.
1057 2191 1125 2262 Ve-

90 2297 332 2379 rumenimrero
360 2295 502 2362 catium
533 2293 632 2362 etiam
657 2292 852 2362 recentioris
879 2317 997 2362 manus
1023 2296 1124 2364 vesti·

90 2400 159 2489 gia,
188 2425 208 2466 a
231 2423 297 2492 qna
327 2397 468 2466 collecta
488 2397 570 2466 haec
597 2413 815 2464 monumenta
835 2399 913 2480 sint,
935 2399 973 2466 in
995 2400 1042 2466 eis
1065 2425 1124 2492 ap·

87 2521 241 2592 pareant,
276 2526 360 2594 quae
396 2519 514 2570 conoe
544 2501 683 2571 oratoris
715 2520 864 2572 mentem
896 2505 1033 2586 omissa,
1066 2524 1123 2574 aut

89 2605 258 2684 decurtata
279 2605 519 2699 deprehendas.
564 2607 677 2698 Atque
696 2605 861 2676 eiusmodi
876 2631 946 2677 nun
959 2607 1024 2678 hoc
1047 2611 1123 2702 qui-

89 2710 164 2780 dem
187 2735 257 2778 esse
279 2709 403 2792 iudico,
427 2710 520 2804 quod
541 2736 575 2802 p.
599 2711 664 2796 264
694 2728 803 2780 oratos
831 2731 974 2804 quatuor
995 2737 1123 2784 memo·

87 2833 154 2899 rat,
188 2817 263 2910 qui,
293 2805 472 2909 sicutipse
495 2841 514 2882 a
537 2815 772 2908 Ctesiphonte,
801 2820 949 2904 coronati
972 2819 1039 2887 sint
1058 2841 1122 2914 pro

87 2921 260 2988 beneficiis
288 2922 326 2985 iu
348 2919 615 3012 rempublicam
635 2923 771 3013 sparsis:
801 2921 1007 3005 Nausiclem‚
1040 2925 1123 2992 Dio-

87 3027 207 3092 timum
235 3041 270 3090 et
299 3023 554 3104 Charidemum,
585 3022 731 3116 denique
753 3024 1027 3118 Neoptolemum,
1051 3045 1123 3100 tunt

86 3130 220 3198 recitari
247 3129 342 3198 iubet
370 3127 521 3209 decreto,
550 3152 636 3219 quae
664 3130 702 3194 iu
729 3153 843 3197 eorum
872 3131 1034 3202 honorem
1055 3133 1122 3202 late
1255 3210 1259 3218 .

86 3237 169 3320 sint;
193 3255 340 3326 quorum
362 3249 481 3302 tamen.
494 3233 628 3300 nonnisi
655 3231 698 3300 de
718 3233 873 3303 Nausicle
890 3260 1017 3318 unum,
1039 3235 1121 3306 alte*

85 3335 162 3405 rum
192 3337 234 3403 de
266 3335 468 3405 Charidemo
490 3338 710 3430 Diotin'aoque
730 3338 879 3423 effertur,
912 3339 955 3408 de
974 3341 1123 3436 Neopto·

85 3441 176 3512 lemo
198 3441 334 3508 nullum
355 3458 468 3510 exstat.
514 3439 649 3508 Scilicet
670 3442 734 3510 boc
756 3443 797 3508 ab
812 3445 884 3538 ipso
895 3446 1121 3518 Demosthene

85 3548 354 3613 numeniacum
375 3546 557 3627 contendo,
592 3546 683 3639 quod
705 3545 941 3642 Neoptolemus
974 3553 1046 3644 ipse
1067 3555 1122 3622 in·

86 3669 138 3716 ter
161 3649 328 3718 auditores
350 3651 525 3720 assidebat:
548 3649 608 3718 εἶθ’
635 3649 769 3720 situel
792 3653 1018 3742 Νεοπτόλεμος,
1042 3667 1121 3726 πολ-

86 3761 150 3822 λῶν
172 3756 268 3843 ἔργον
299 3754 545 3841 iniustissimis,
579 3757 626 3844 ἐφ’
654 3753 702 3834 οἷς
728 3755 858 3828 isidoras
885 3753 1045 3848 Ιτετίμηται
1073 3770 1121 3856 (p.

86 3859 176 3948 264).
228 3860 450 3928 verisimilius
479 3863 597 3930 omissa
626 3862 787 3954 quaedam
820 3863 952 3932 decreta
981 3864 1122 3936 dixerim

86 3989 121 4055 p.
146 3970 218 4047 abo,
243 3989 308 4059 que
328 3964 403 4052 loco
426 3967 666 4036 Demosthenes
694 3967 827 4048 disserit
858 3969 900 4035 de
925 3994 1007 4062 pace
1029 3972 1122 4038 navi-

88 4070 219 4160 giorum
241 4088 339 4164 raptu
361 4070 476 4140 soluta.
521 4073 655 4142 Etenim
682 4089 793 4141 orator
820 4075 953 4156 recitari
973 4075 1121 4168 primum
