<?xml version="1.0" encoding="UTF-8"?>
<!DOCTYPE html PUBLIC "-//W3C//DTD XHTML 1.0 Transitional//EN"
    "http://www.w3.org/TR/xhtml1/DTD/xhtml1-transitional.dtd">
<html xmlns="http://www.w3.org/1999/xhtml" xml:lang="en" lang="en">
 <head>
  <title>
</title>
<meta http-equiv="Content-Type" content="text/html;charset=utf-8" />
  <meta name='ocr-system' content='tesseract 3.04.00' />
  <meta name='ocr-capabilities' content='ocr_page ocr_carea ocr_par ocr_line ocrx_word'/>
</head>
<body>
  <div class='ocr_page' id='page_1' title='image "./francisciwiniew00winigoog_0163.png"; bbox 0 0 2694 4784; ppageno 0'>
   <div class='ocr_carea' id='block_1_1' title="bbox 774 320 951 390">
    <p class='ocr_par' dir='ltr' id='par_1_1' title="bbox 774 320 951 390">
     <span class='ocr_line' id='line_1_1' title="bbox 774 320 951 390; baseline 0.011 -3"><span class='ocrx_word' id='word_1_1' title='bbox 774 320 865 390; x_wconf 48' lang='lat' dir='ltr'><strong>tto*</strong></span> <span class='ocrx_word' id='word_1_2' title='bbox 948 321 951 326; x_wconf 79' lang='grc'>’</span> 
     </span>
    </p>
   </div>
   <div class='ocr_carea' id='block_1_2' title="bbox 679 409 883 428">
    <p class='ocr_par' dir='ltr' id='par_1_2' title="bbox 679 409 883 428">
     <span class='ocr_line' id='line_1_2' title="bbox 679 409 883 428; baseline -0.015 1"><span class='ocrx_word' id='word_1_3' title='bbox 679 413 681 416; x_wconf 95' lang='grc'><strong><em>·</em></strong></span> <span class='ocrx_word' id='word_1_4' title='bbox 727 409 883 428; x_wconf 58' lang='lat' dir='ltr'><strong>m</strong></span> 
     </span>
    </p>
   </div>
   <div class='ocr_carea' id='block_1_3' title="bbox 184 465 1322 3816">
    <p class='ocr_par' dir='ltr' id='par_1_3' title="bbox 184 465 1322 3816">
     <span class='ocr_line' id='line_1_3' title="bbox 209 465 1305 581; baseline -0.002 -21"><span class='ocrx_word' id='word_1_5' title='bbox 209 507 237 522; x_wconf 81' lang='lat'><strong>¹·</strong></span> <span class='ocrx_word' id='word_1_6' title='bbox 282 477 427 560; x_wconf 81' lang='lat' dir='ltr'><strong>Athenis</strong></span> <span class='ocrx_word' id='word_1_7' title='bbox 446 479 612 568; x_wconf 80' lang='lat' dir='ltr'><strong>habitam,</strong></span> <span class='ocrx_word' id='word_1_8' title='bbox 643 486 727 556; x_wconf 82' lang='lat' dir='ltr'><strong>a&#39;deo</strong></span> <span class='ocrx_word' id='word_1_9' title='bbox 754 489 868 556; x_wconf 79' lang='lat' dir='ltr'><strong>seeum</strong></span> <span class='ocrx_word' id='word_1_10' title='bbox 889 465 1050 581; x_wconf 80' lang='lat' dir='ltr'><strong>profecto·</strong></span> <span class='ocrx_word' id='word_1_11' title='bbox 1064 503 1257 581; x_wconf 83' lang='lat' dir='ltr'><strong>ecngtnnnt,</strong></span> <span class='ocrx_word' id='word_1_12' title='bbox 1274 507 1305 558; x_wconf 90' lang='lat' dir='ltr'><strong>ut</strong></span> 
     </span>
     <span class='ocr_line' id='line_1_4' title="bbox 278 589 1306 688; baseline 0.001 -28"><span class='ocrx_word' id='word_1_13' title='bbox 278 591 329 666; x_wconf 75' lang='lat' dir='ltr'><strong>¹ad</strong></span> <span class='ocrx_word' id='word_1_14' title='bbox 350 589 492 676; x_wconf 82' lang='lat' dir='ltr'><strong>eandem</strong></span> <span class='ocrx_word' id='word_1_15' title='bbox 512 614 586 658; x_wconf 92' lang='lat' dir='ltr'><strong>rem</strong></span> <span class='ocrx_word' id='word_1_16' title='bbox 615 591 735 660; x_wconf 83' lang='lat' dir='ltr'><strong>referri</strong></span> <span class='ocrx_word' id='word_1_17' title='bbox 764 615 861 684; x_wconf 84' lang='lat' dir='ltr'><strong>posse</strong></span> <span class='ocrx_word' id='word_1_18' title='bbox 881 592 1068 670; x_wconf 86' lang='lat' dir='ltr'><strong>videantur.</strong></span> <span class='ocrx_word' id='word_1_19' title='bbox 1113 591 1235 678; x_wconf 79' lang='lat' dir='ltr'><strong>Quodsi</strong></span> <span class='ocrx_word' id='word_1_20' title='bbox 1254 595 1306 688; x_wconf 89' lang='lat' dir='ltr'><strong>igi-</strong></span> 
     </span>
     <span class='ocr_line' id='line_1_5' title="bbox 256 693 1305 791; baseline 0.003 -29"><span class='ocrx_word' id='word_1_21' title='bbox 256 713 339 791; x_wconf 83' lang='lat' dir='ltr'><strong>tnr</strong></span> <span class='ocrx_word' id='word_1_22' title='bbox 366 695 529 788; x_wconf 85' lang='lat' dir='ltr'><strong>Pythonis</strong></span> <span class='ocrx_word' id='word_1_23' title='bbox 557 693 676 788; x_wconf 87' lang='lat' dir='ltr'><strong>legatio</strong></span> <span class='ocrx_word' id='word_1_24' title='bbox 706 698 744 764; x_wconf 93' lang='lat' dir='ltr'><strong>in</strong></span> <span class='ocrx_word' id='word_1_25' title='bbox 775 715 825 782; x_wconf 90' lang='lat' dir='ltr'><strong>or.</strong></span> <span class='ocrx_word' id='word_1_26' title='bbox 855 696 898 764; x_wconf 90' lang='lat' dir='ltr'><strong>de</strong></span> <span class='ocrx_word' id='word_1_27' title='bbox 925 696 1047 775; x_wconf 71' lang='lat' dir='ltr'><strong>Halon,</strong></span> <span class='ocrx_word' id='word_1_28' title='bbox 1074 713 1109 766; x_wconf 87' lang='lat' dir='ltr'><strong>et</strong></span> <span class='ocrx_word' id='word_1_29' title='bbox 1129 695 1252 766; x_wconf 86' lang='lat' dir='ltr'><strong>illo-or.</strong></span> <span class='ocrx_word' id='word_1_30' title='bbox 1272 696 1305 766; x_wconf 90' lang='lat' dir='ltr'><strong>de</strong></span> 
     </span>
     <span class='ocr_line' id='line_1_6' title="bbox 284 797 1322 884; baseline 0 -16"><span class='ocrx_word' id='word_1_31' title='bbox 284 821 353 868; x_wconf 85' lang='lat' dir='ltr'><strong>cor.</strong></span> <span class='ocrx_word' id='word_1_32' title='bbox 391 797 466 868; x_wconf 89' lang='lat' dir='ltr'><strong>loeo</strong></span> <span class='ocrx_word' id='word_1_33' title='bbox 505 819 686 870; x_wconf 84' lang='lat' dir='ltr'><strong>memorata</strong></span> <span class='ocrx_word' id='word_1_34' title='bbox 718 797 837 870; x_wconf 89' lang='lat' dir='ltr'><strong>eadem</strong></span> <span class='ocrx_word' id='word_1_35' title='bbox 866 817 930 884; x_wconf 90' lang='lat' dir='ltr'><strong>est,</strong></span> <span class='ocrx_word' id='word_1_36' title='bbox 969 803 1063 882; x_wconf 83' lang='lat' dir='ltr'><strong>cuius</strong></span> <span class='ocrx_word' id='word_1_37' title='bbox 1096 801 1260 870; x_wconf 87' lang='lat' dir='ltr'><strong>Libanins·</strong></span> <span class='ocrx_word' id='word_1_38' title='bbox 1277 805 1322 880; x_wconf 84' lang='lat' dir='ltr'><strong>in</strong></span> 
     </span>
     <span class='ocr_line' id='line_1_7' title="bbox 259 902 1304 998; baseline -0.002 -24"><span class='ocrx_word' id='word_1_39' title='bbox 259 903 544 998; x_wconf 64' lang='lat' dir='ltr'><strong>argumentoad</strong></span> <span class='ocrx_word' id='word_1_40' title='bbox 565 906 653 974; x_wconf 90' lang='lat' dir='ltr'><strong>Dent</strong></span> <span class='ocrx_word' id='word_1_41' title='bbox 674 929 723 974; x_wconf 82' lang='lat' dir='ltr'><strong>or.</strong></span> <span class='ocrx_word' id='word_1_42' title='bbox 745 902 833 972; x_wconf 83' lang='lat' dir='ltr'><strong>Phil.</strong></span> <span class='ocrx_word' id='word_1_43' title='bbox 855 905 888 972; x_wconf 93' lang='lat'><strong>11</strong></span> <span class='ocrx_word' id='word_1_44' title='bbox 908 906 1075 986; x_wconf 84' lang='lat' dir='ltr'><strong>meminit,</strong></span> <span class='ocrx_word' id='word_1_45' title='bbox 1097 905 1170 998; x_wconf 83' lang='lat' dir='ltr'><strong>ipsa</strong></span> <span class='ocrx_word' id='word_1_46' title='bbox 1189 905 1304 974; x_wconf 87' lang='lat' dir='ltr'><strong>sortasse</strong></span> 
     </span>
     <span class='ocr_line' id='line_1_8' title="bbox 281 1007 1306 1102; baseline -0.001 -25"><span class='ocrx_word' id='word_1_47' title='bbox 281 1009 347 1077; x_wconf 86' lang='lat' dir='ltr'><strong>hae</strong></span> <span class='ocrx_word' id='word_1_48' title='bbox 375 1011 525 1086; x_wconf 87' lang='lat' dir='ltr'><strong>oratione</strong></span> <span class='ocrx_word' id='word_1_49' title='bbox 552 1007 626 1076; x_wconf 89' lang='lat' dir='ltr'><strong>adv.</strong></span> <span class='ocrx_word' id='word_1_50' title='bbox 669 1007 765 1076; x_wconf 87' lang='lat' dir='ltr'><strong>Phil..</strong></span> <span class='ocrx_word' id='word_1_51' title='bbox 790 1009 824 1078; x_wconf 91' lang='lat'><strong>11</strong></span> <span class='ocrx_word' id='word_1_52' title='bbox 852 1008 1018 1078; x_wconf 73' lang='lat' dir='ltr'><strong>refutasse</strong></span> <span class='ocrx_word' id='word_1_53' title='bbox 1039 1009 1223 1102; x_wconf 80' lang='lat' dir='ltr'><strong>Pythonem</strong></span> <span class='ocrx_word' id='word_1_54' title='bbox 1250 1011 1306 1077; x_wconf 88' lang='lat' dir='ltr'><strong>De-</strong></span> 
     </span>
     <span class='ocr_line' id='line_1_9' title="bbox 280 1108 1304 1207; baseline -0.001 -24"><span class='ocrx_word' id='word_1_55' title='bbox 280 1108 482 1183; x_wconf 75' lang='lat' dir='ltr'><strong>mesthenes&#39;</strong></span> <span class='ocrx_word' id='word_1_56' title='bbox 499 1112 661 1181; x_wconf 85' lang='lat' dir='ltr'><strong>videatur.</strong></span> <span class='ocrx_word' id='word_1_57' title='bbox 708 1114 811 1200; x_wconf 73' lang='lat' dir='ltr'><strong>,Quae</strong></span> <span class='ocrx_word' id='word_1_58' title='bbox 843 1114 957 1206; x_wconf 91' lang='lat' dir='ltr'><strong>opinio</strong></span> <span class='ocrx_word' id='word_1_59' title='bbox 986 1137 1190 1207; x_wconf 87' lang='lat' dir='ltr'><strong>quamquam</strong></span> <span class='ocrx_word' id='word_1_60' title='bbox 1210 1116 1304 1182; x_wconf 89' lang='lat' dir='ltr'><strong>minus</strong></span> 
     </span>
     <span class='ocr_line' id='line_1_10' title="bbox 280 1215 1305 1311; baseline -0.004 -23"><span class='ocrx_word' id='word_1_61' title='bbox 280 1216 364 1288; x_wconf 87' lang='lat' dir='ltr'><strong>inde</strong></span> <span class='ocrx_word' id='word_1_62' title='bbox 386 1217 619 1298; x_wconf 84' lang='lat' dir='ltr'><strong>confirmatur,</strong></span> <span class='ocrx_word' id='word_1_63' title='bbox 649 1216 742 1311; x_wconf 87' lang='lat' dir='ltr'><strong>quod</strong></span> <span class='ocrx_word' id='word_1_64' title='bbox 763 1241 833 1286; x_wconf 91' lang='lat' dir='ltr'><strong>non</strong></span> <span class='ocrx_word' id='word_1_65' title='bbox 855 1215 1011 1285; x_wconf 88' lang='lat' dir='ltr'><strong>adversus</strong></span> <span class='ocrx_word' id='word_1_66' title='bbox 1033 1217 1238 1311; x_wconf 80' lang='lat' dir='ltr'><strong>Pythonem,</strong></span> <span class='ocrx_word' id='word_1_67' title='bbox 1258 1218 1305 1286; x_wconf 88' lang='lat' dir='ltr'><strong>sed</strong></span> 
     </span>
     <span class='ocr_line' id='line_1_11' title="bbox 281 1321 1305 1416; baseline 0.001 -26"><span class='ocrx_word' id='word_1_68' title='bbox 281 1322 326 1390; x_wconf 82' lang='lat' dir='ltr'><strong>ad</strong></span> <span class='ocrx_word' id='word_1_69' title='bbox 347 1322 568 1392; x_wconf 82' lang='lat' dir='ltr'><strong>Athenienses</strong></span> <span class='ocrx_word' id='word_1_70' title='bbox 596 1323 710 1416; x_wconf 88' lang='lat' dir='ltr'><strong>potius</strong></span> <span class='ocrx_word' id='word_1_71' title='bbox 735 1321 835 1390; x_wconf 84' lang='lat' dir='ltr'><strong>verba</strong></span> <span class='ocrx_word' id='word_1_72' title='bbox 865 1339 977 1392; x_wconf 88' lang='lat' dir='ltr'><strong>orator</strong></span> <span class='ocrx_word' id='word_1_73' title='bbox 1002 1323 1100 1406; x_wconf 83' lang='lat' dir='ltr'><strong>lacit,</strong></span> <span class='ocrx_word' id='word_1_74' title='bbox 1130 1341 1305 1416; x_wconf 84' lang='lat' dir='ltr'><strong>argumento</strong></span> 
     </span>
     <span class='ocr_line' id='line_1_12' title="bbox 280 1423 1302 1520; baseline -0.002 -26"><span class='ocrx_word' id='word_1_75' title='bbox 280 1442 398 1518; x_wconf 81' lang='lat' dir='ltr'><strong>tamen·</strong></span> <span class='ocrx_word' id='word_1_76' title='bbox 416 1427 575 1494; x_wconf 84' lang='lat' dir='ltr'><strong>orationis</strong></span> <span class='ocrx_word' id='word_1_77' title='bbox 603 1424 790 1520; x_wconf 86' lang='lat' dir='ltr'><strong>probabilis</strong></span> <span class='ocrx_word' id='word_1_78' title='bbox 812 1423 1061 1518; x_wconf 87' lang='lat' dir='ltr'><strong>quodammodo</strong></span> <span class='ocrx_word' id='word_1_79' title='bbox 1082 1425 1183 1504; x_wconf 81' lang='lat' dir='ltr'><strong>reddi</strong></span> <span class='ocrx_word' id='word_1_80' title='bbox 1203 1444 1302 1520; x_wconf 85' lang='lat' dir='ltr'><strong>potest</strong></span> 
     </span>
     <span class='ocr_line' id='line_1_13' title="bbox 282 1525 1322 1624; baseline 0 -28"><span class='ocrx_word' id='word_1_81' title='bbox 282 1531 369 1600; x_wconf 91' lang='lat' dir='ltr'><strong>Tota</strong></span> <span class='ocrx_word' id='word_1_82' title='bbox 391 1531 517 1618; x_wconf 86' lang='lat' dir='ltr'><strong>etenim</strong></span> <span class='ocrx_word' id='word_1_83' title='bbox 539 1525 645 1600; x_wconf 82' lang='lat' dir='ltr'><strong>oratio</strong></span> <span class='ocrx_word' id='word_1_84' title='bbox 669 1554 708 1600; x_wconf 92' lang='lat' dir='ltr'><strong>eo</strong></span> <span class='ocrx_word' id='word_1_85' title='bbox 725 1525 953 1624; x_wconf 74' lang='lat' dir='ltr'><strong>&#39;potissimum</strong></span> <span class='ocrx_word' id='word_1_86' title='bbox 980 1528 1105 1614; x_wconf 85' lang='lat' dir='ltr'><strong>tendit,</strong></span> <span class='ocrx_word' id='word_1_87' title='bbox 1134 1550 1173 1601; x_wconf 91' lang='lat' dir='ltr'><strong>ut</strong></span> <span class='ocrx_word' id='word_1_88' title='bbox 1191 1529 1322 1599; x_wconf 50' lang='lat' dir='ltr'><strong>refella-¹</strong></span> 
     </span>
     <span class='ocr_line' id='line_1_14' title="bbox 281 1633 1322 1728; baseline -0.002 -25"><span class='ocrx_word' id='word_1_89' title='bbox 281 1651 339 1703; x_wconf 88' lang='lat' dir='ltr'><strong>tur</strong></span> <span class='ocrx_word' id='word_1_90' title='bbox 373 1633 560 1704; x_wconf 87' lang='lat' dir='ltr'><strong>multorum</strong></span> <span class='ocrx_word' id='word_1_91' title='bbox 586 1635 726 1728; x_wconf 89' lang='lat' dir='ltr'><strong>opinio,</strong></span> <span class='ocrx_word' id='word_1_92' title='bbox 765 1637 824 1728; x_wconf 82' lang='lat' dir='ltr'><strong>qui</strong></span> <span class='ocrx_word' id='word_1_93' title='bbox 858 1633 1059 1727; x_wconf 87' lang='lat' dir='ltr'><strong>Philippum</strong></span> <span class='ocrx_word' id='word_1_94' title='bbox 1089 1659 1162 1706; x_wconf 88' lang='lat' dir='ltr'><strong>non</strong></span> <span class='ocrx_word' id='word_1_95' title='bbox 1193 1635 1322 1704; x_wconf 46' lang='lat' dir='ltr'><strong>iniuriis¹</strong></span> 
     </span>
     <span class='ocr_line' id='line_1_15' title="bbox 278 1737 1322 1836; baseline -0.008 -26"><span class='ocrx_word' id='word_1_96' title='bbox 278 1737 570 1836; x_wconf 69' lang='lat' dir='ltr'><strong>fraudulentisqne</strong></span> <span class='ocrx_word' id='word_1_97' title='bbox 610 1738 913 1810; x_wconf 76' lang='lat' dir='ltr'><strong>machinationibus</strong></span> <span class='ocrx_word' id='word_1_98' title='bbox 946 1740 1128 1832; x_wconf 88' lang='lat' dir='ltr'><strong>imperium</strong></span> <span class='ocrx_word' id='word_1_99' title='bbox 1167 1747 1322 1835; x_wconf 58' lang='lat' dir='ltr'><strong>appetere?</strong></span> 
     </span>
     <span class='ocr_line' id='line_1_16' title="bbox 279 1837 1322 1937; baseline -0.006 -23"><span class='ocrx_word' id='word_1_100' title='bbox 279 1861 445 1914; x_wconf 90' lang='lat' dir='ltr'><strong>censeant.</strong></span> <span class='ocrx_word' id='word_1_101' title='bbox 495 1844 667 1912; x_wconf 78' lang='lat' dir='ltr'><strong>Extrema</strong></span> <span class='ocrx_word' id='word_1_102' title='bbox 688 1842 811 1912; x_wconf 88' lang='lat' dir='ltr'><strong>deinde</strong></span> <span class='ocrx_word' id='word_1_103' title='bbox 851 1845 1010 1913; x_wconf 87' lang='lat' dir='ltr'><strong>orationis</strong></span> <span class='ocrx_word' id='word_1_104' title='bbox 1036 1861 1257 1937; x_wconf 84' lang='lat' dir='ltr'><strong>patteorator</strong></span> <span class='ocrx_word' id='word_1_105' title='bbox 1274 1837 1322 1908; x_wconf 59' lang='lat' dir='ltr'><strong>inl</strong></span> 
     </span>
     <span class='ocr_line' id='line_1_17' title="bbox 202 1946 1306 2043; baseline -0.005 -26"><span class='ocrx_word' id='word_1_106' title='bbox 202 1973 204 1977; x_wconf 86' lang='lat'>·</span> <span class='ocrx_word' id='word_1_107' title='bbox 279 1973 336 2019; x_wconf 88' lang='lat' dir='ltr'><strong>eos</strong></span> <span class='ocrx_word' id='word_1_108' title='bbox 358 1949 553 2040; x_wconf 89' lang='lat' dir='ltr'><strong>praesertim</strong></span> <span class='ocrx_word' id='word_1_109' title='bbox 575 1947 760 2030; x_wconf 85' lang='lat' dir='ltr'><strong>invehitur,</strong></span> <span class='ocrx_word' id='word_1_110' title='bbox 792 1948 853 2042; x_wconf 85' lang='lat' dir='ltr'><strong>qni</strong></span> <span class='ocrx_word' id='word_1_111' title='bbox 873 1946 1031 2043; x_wconf 87' lang='lat' dir='ltr'><strong>Philippi</strong></span> <span class='ocrx_word' id='word_1_112' title='bbox 1058 1947 1240 2018; x_wconf 85' lang='lat' dir='ltr'><strong>commodis</strong></span> <span class='ocrx_word' id='word_1_113' title='bbox 1262 1947 1306 2012; x_wconf 91' lang='lat' dir='ltr'><strong>in-</strong></span> 
     </span>
     <span class='ocr_line' id='line_1_18' title="bbox 279 2049 1308 2146; baseline -0.006 -25"><span class='ocrx_word' id='word_1_114' title='bbox 279 2054 438 2135; x_wconf 85' lang='lat' dir='ltr'><strong>serviant,</strong></span> <span class='ocrx_word' id='word_1_115' title='bbox 464 2053 501 2118; x_wconf 87' lang='lat' dir='ltr'><strong>in</strong></span> <span class='ocrx_word' id='word_1_116' title='bbox 521 2075 641 2145; x_wconf 87' lang='lat' dir='ltr'><strong>pravos</strong></span> <span class='ocrx_word' id='word_1_117' title='bbox 661 2053 873 2146; x_wconf 89' lang='lat' dir='ltr'><strong>potissimam</strong></span> <span class='ocrx_word' id='word_1_118' title='bbox 902 2068 941 2120; x_wconf 87' lang='lat' dir='ltr'><strong>et·</strong></span> <span class='ocrx_word' id='word_1_119' title='bbox 960 2049 1162 2145; x_wconf 88' lang='lat' dir='ltr'><strong>perfidiosos</strong></span> <span class='ocrx_word' id='word_1_120' title='bbox 1189 2051 1308 2146; x_wconf 89' lang='lat' dir='ltr'><strong>legatos,</strong></span> 
     </span>
     <span class='ocr_line' id='line_1_19' title="bbox 184 2154 1308 2252; baseline -0.004 -28"><span class='ocrx_word' id='word_1_121' title='bbox 184 2212 187 2252; x_wconf 63' lang='lat'>7</span> <span class='ocrx_word' id='word_1_122' title='bbox 279 2182 424 2251; x_wconf 88' lang='lat' dir='ltr'><strong>qnorum</strong></span> <span class='ocrx_word' id='word_1_123' title='bbox 446 2157 660 2248; x_wconf 84' lang='lat' dir='ltr'><strong>improbitate</strong></span> <span class='ocrx_word' id='word_1_124' title='bbox 682 2180 747 2249; x_wconf 83' lang='lat' dir='ltr'><strong>pax</strong></span> <span class='ocrx_word' id='word_1_125' title='bbox 769 2154 909 2248; x_wconf 81' lang='lat' dir='ltr'><strong>Olymp.</strong></span> <span class='ocrx_word' id='word_1_126' title='bbox 933 2154 1058 2237; x_wconf 86' lang='lat' dir='ltr'><strong>cvltt,</strong></span> <span class='ocrx_word' id='word_1_127' title='bbox 1081 2157 1212 2226; x_wconf 76' lang='lat' dir='ltr'><strong>n-facta</strong></span> <span class='ocrx_word' id='word_1_128' title='bbox 1225 2171 1308 2226; x_wconf 86' lang='lat' dir='ltr'><strong>tanta</strong></span> 
     </span>
     <span class='ocr_line' id='line_1_20' title="bbox 278 2257 1308 2330; baseline -0.007 0"><span class='ocrx_word' id='word_1_129' title='bbox 278 2261 541 2330; x_wconf 85' lang='lat' dir='ltr'><strong>Atheniensibus</strong></span> <span class='ocrx_word' id='word_1_130' title='bbox 564 2257 763 2328; x_wconf 68' lang='lat' dir='ltr'><strong>detrimenta</strong></span> <span class='ocrx_word' id='word_1_131' title='bbox 785 2260 995 2330; x_wconf 80' lang='lat' dir='ltr'><strong>contraxerit</strong></span> <span class='ocrx_word' id='word_1_132' title='bbox 1040 2261 1136 2328; x_wconf 83' lang='lat' dir='ltr'><strong>Inter</strong></span> <span class='ocrx_word' id='word_1_133' title='bbox 1168 2283 1221 2330; x_wconf 87' lang='lat' dir='ltr'><strong>eos</strong></span> <span class='ocrx_word' id='word_1_134' title='bbox 1240 2279 1308 2327; x_wconf 88' lang='lat' dir='ltr'><strong>vero</strong></span> 
     </span>
     <span class='ocr_line' id='line_1_21' title="bbox 271 2355 1306 2462; baseline -0.007 -28"><span class='ocrx_word' id='word_1_135' title='bbox 271 2368 455 2462; x_wconf 85' lang='lat' dir='ltr'><strong>¹primarias</strong></span> <span class='ocrx_word' id='word_1_136' title='bbox 482 2384 592 2457; x_wconf 89' lang='lat' dir='ltr'><strong>partes</strong></span> <span class='ocrx_word' id='word_1_137' title='bbox 622 2366 803 2460; x_wconf 82' lang='lat' dir='ltr'><strong>obtinuisse</strong></span> <span class='ocrx_word' id='word_1_138' title='bbox 824 2365 1027 2432; x_wconf 86' lang='lat' dir='ltr'><strong>Aeschinem</strong></span> <span class='ocrx_word' id='word_1_139' title='bbox 1048 2355 1193 2450; x_wconf 88' lang='lat' dir='ltr'><strong>constat,</strong></span> <span class='ocrx_word' id='word_1_140' title='bbox 1219 2386 1306 2456; x_wconf 89' lang='lat' dir='ltr'><strong>quent</strong></span> 
     </span>
     <span class='ocr_line' id='line_1_22' title="bbox 278 2464 1305 2566; baseline -0.012 -24"><span class='ocrx_word' id='word_1_141' title='bbox 278 2474 391 2566; x_wconf 89' lang='lat' dir='ltr'><strong>ipsum</strong></span> <span class='ocrx_word' id='word_1_142' title='bbox 413 2465 574 2563; x_wconf 83' lang='lat' dir='ltr'><strong>Pythonis</strong></span> <span class='ocrx_word' id='word_1_143' title='bbox 598 2472 791 2538; x_wconf 84' lang='lat' dir='ltr'><strong>orationem</strong></span> <span class='ocrx_word' id='word_1_144' title='bbox 820 2467 986 2536; x_wconf 86' lang='lat' dir='ltr'><strong>adiuvasse</strong></span> <span class='ocrx_word' id='word_1_145' title='bbox 1011 2469 1045 2536; x_wconf 87' lang='lat' dir='ltr'><strong>h.</strong></span> <span class='ocrx_word' id='word_1_146' title='bbox 1068 2493 1117 2539; x_wconf 88' lang='lat' dir='ltr'><strong>or.</strong></span> <span class='ocrx_word' id='word_1_147' title='bbox 1141 2469 1184 2538; x_wconf 88' lang='lat' dir='ltr'><strong>de</strong></span> <span class='ocrx_word' id='word_1_148' title='bbox 1197 2492 1268 2536; x_wconf 85' lang='lat' dir='ltr'><strong>cor.</strong></span> <span class='ocrx_word' id='word_1_149' title='bbox 1286 2464 1305 2531; x_wconf 91' lang='lat' dir='ltr'><strong>l.</strong></span> 
     </span>
     <span class='ocr_line' id='line_1_23' title="bbox 277 2563 1306 2664; baseline -0.008 -20"><span class='ocrx_word' id='word_1_150' title='bbox 277 2575 520 2644; x_wconf 89' lang='lat' dir='ltr'><strong>Demosthenes</strong></span> <span class='ocrx_word' id='word_1_151' title='bbox 543 2575 659 2642; x_wconf 83' lang='lat' dir='ltr'><strong>refert:</strong></span> <span class='ocrx_word' id='word_1_152' title='bbox 683 2567 775 2654; x_wconf 76' lang='grc' dir='ltr'><em>οὗτος</em></span> <span class='ocrx_word' id='word_1_153' title='bbox 796 2576 830 2642; x_wconf 79' lang='grc' dir='ltr'><strong>δὲ</strong></span> <span class='ocrx_word' id='word_1_154' title='bbox 851 2563 1070 2664; x_wconf 61' lang='grc' dir='ltr'><strong>συνηγωνῗζετο</strong></span> <span class='ocrx_word' id='word_1_155' title='bbox 1099 2577 1152 2643; x_wconf 77' lang='grc' dir='ltr'><strong>καὶ</strong></span> <span class='ocrx_word' id='word_1_156' title='bbox 1172 2571 1306 2644; x_wconf 68' lang='grc' dir='ltr'><strong><em>τάναντία</em></strong></span> 
     </span>
     <span class='ocr_line' id='line_1_24' title="bbox 212 2666 1322 2774; baseline -0.009 -26"><span class='ocrx_word' id='word_1_157' title='bbox 212 2753 215 2760; x_wconf 68' lang='grc'>,</span> <span class='ocrx_word' id='word_1_158' title='bbox 277 2681 443 2774; x_wconf 62' lang='lat' dir='ltr'><strong>imprimet</strong></span> <span class='ocrx_word' id='word_1_159' title='bbox 464 2686 504 2768; x_wconf 81' lang='grc' dir='ltr'><strong>τῇ</strong></span> <span class='ocrx_word' id='word_1_160' title='bbox 525 2683 663 2767; x_wconf 77' lang='grc' dir='ltr'><strong><em>πατρίδι.</em></strong></span> <span class='ocrx_word' id='word_1_161' title='bbox 740 2666 744 2686; x_wconf 62' lang='lat'><em>¹</em></span> <span class='ocrx_word' id='word_1_162' title='bbox 1321 2745 1322 2748; x_wconf 8' lang='grc' dir='ltr'><strong>Ἴ</strong></span> 
     </span>
     <span class='ocr_line' id='line_1_25' title="bbox 318 2781 1322 2873; baseline -0.006 -19"><span class='ocrx_word' id='word_1_163' title='bbox 318 2839 324 2854; x_wconf 60' lang='lat'><strong>,</strong></span> <span class='ocrx_word' id='word_1_164' title='bbox 366 2783 510 2863; x_wconf 88' lang='lat' dir='ltr'><strong>Verum,</strong></span> <span class='ocrx_word' id='word_1_165' title='bbox 540 2800 578 2849; x_wconf 90' lang='lat' dir='ltr'><strong>ut</strong></span> <span class='ocrx_word' id='word_1_166' title='bbox 600 2783 708 2851; x_wconf 89' lang='lat' dir='ltr'><strong>omnis</strong></span> <span class='ocrx_word' id='word_1_167' title='bbox 730 2781 892 2851; x_wconf 84' lang='lat' dir='ltr'><strong>dubitatio</strong></span> <span class='ocrx_word' id='word_1_168' title='bbox 921 2800 1146 2866; x_wconf 83' lang='lat' dir='ltr'><strong>removeatur,</strong></span> <span class='ocrx_word' id='word_1_169' title='bbox 1173 2781 1322 2873; x_wconf 80' lang='lat' dir='ltr'><strong>reliquas</strong></span> 
     </span>
     <span class='ocr_line' id='line_1_26' title="bbox 276 2879 1306 2981; baseline -0.008 -25"><span class='ocrx_word' id='word_1_170' title='bbox 276 2879 386 2956; x_wconf 89' lang='lat' dir='ltr'><strong>adhuc</strong></span> <span class='ocrx_word' id='word_1_171' title='bbox 408 2886 590 2978; x_wconf 87' lang='lat' dir='ltr'><strong>legationes</strong></span> <span class='ocrx_word' id='word_1_172' title='bbox 621 2889 706 2979; x_wconf 78' lang='lat' dir='ltr'><strong>q&#39;uae</strong></span> <span class='ocrx_word' id='word_1_173' title='bbox 732 2886 910 2981; x_wconf 88' lang='lat' dir='ltr'><strong>posteriori</strong></span> <span class='ocrx_word' id='word_1_174' title='bbox 932 2892 1089 2980; x_wconf 82' lang='lat' dir='ltr'><strong>&#39;tempore</strong></span> <span class='ocrx_word' id='word_1_175' title='bbox 1118 2913 1138 2954; x_wconf 89' lang='lat' dir='ltr'><strong>a</strong></span> <span class='ocrx_word' id='word_1_176' title='bbox 1160 2887 1306 2978; x_wconf 91' lang='lat' dir='ltr'><strong>Philippo</strong></span> 
     </span>
     <span class='ocr_line' id='line_1_27' title="bbox 273 2991 1307 3084; baseline -0.011 -21"><span class='ocrx_word' id='word_1_177' title='bbox 273 2992 423 3063; x_wconf 85' lang='lat' dir='ltr'><strong>Athenas</strong></span> <span class='ocrx_word' id='word_1_178' title='bbox 444 2991 564 3061; x_wconf 89' lang='lat' dir='ltr'><strong>missae</strong></span> <span class='ocrx_word' id='word_1_179' title='bbox 585 2992 664 3073; x_wconf 89' lang='lat' dir='ltr'><strong>sint,</strong></span> <span class='ocrx_word' id='word_1_180' title='bbox 685 3013 937 3084; x_wconf 86' lang='lat' dir='ltr'><strong>persequamur,</strong></span> <span class='ocrx_word' id='word_1_181' title='bbox 958 3015 1093 3060; x_wconf 89' lang='lat' dir='ltr'><strong>neeesse</strong></span> <span class='ocrx_word' id='word_1_182' title='bbox 1106 3008 1165 3059; x_wconf 89' lang='lat' dir='ltr'><strong>est.</strong></span> <span class='ocrx_word' id='word_1_183' title='bbox 1211 2991 1307 3075; x_wconf 87' lang='lat' dir='ltr'><strong>Quam</strong></span> 
     </span>
     <span class='ocr_line' id='line_1_28' title="bbox 275 3093 1308 3188; baseline -0.009 -23"><span class='ocrx_word' id='word_1_184' title='bbox 275 3095 541 3188; x_wconf 62' lang='lat' dir='ltr'><strong>igitnr&#39;Olymp.</strong></span> <span class='ocrx_word' id='word_1_185' title='bbox 574 3093 671 3178; x_wconf 90' lang='lat' dir='ltr'><strong>CIX,</strong></span> <span class='ocrx_word' id='word_1_186' title='bbox 706 3119 717 3163; x_wconf 89' lang='lat' dir='ltr'><strong>t</strong></span> <span class='ocrx_word' id='word_1_187' title='bbox 751 3095 859 3188; x_wconf 79' lang='lat' dir='ltr'><strong>Pytho</strong></span> <span class='ocrx_word' id='word_1_188' title='bbox 890 3095 1005 3163; x_wconf 88' lang='lat' dir='ltr'><strong>obibat</strong></span> <span class='ocrx_word' id='word_1_189' title='bbox 1031 3094 1249 3188; x_wconf 81' lang='lat' dir='ltr'><strong>legationem,</strong></span> <span class='ocrx_word' id='word_1_190' title='bbox 1276 3115 1308 3156; x_wconf 89' lang='lat' dir='ltr'><strong>ea</strong></span> 
     </span>
     <span class='ocr_line' id='line_1_29' title="bbox 275 3197 1308 3293; baseline -0.009 -23"><span class='ocrx_word' id='word_1_191' title='bbox 275 3197 455 3293; x_wconf 83' lang='lat' dir='ltr'><strong>Philippus</strong></span> <span class='ocrx_word' id='word_1_192' title='bbox 475 3199 708 3282; x_wconf 89' lang='lat' dir='ltr'><strong>Athenienses,</strong></span> <span class='ocrx_word' id='word_1_193' title='bbox 731 3216 769 3266; x_wconf 90' lang='lat' dir='ltr'><strong>ut</strong></span> <span class='ocrx_word' id='word_1_194' title='bbox 790 3197 833 3266; x_wconf 87' lang='lat' dir='ltr'><strong>de</strong></span> <span class='ocrx_word' id='word_1_195' title='bbox 856 3201 1089 3269; x_wconf 59' lang='lat' dir='ltr'><strong>oonutoversiis</strong></span> <span class='ocrx_word' id='word_1_196' title='bbox 1102 3224 1218 3268; x_wconf 86' lang='lat' dir='ltr'><strong>secum</strong></span> <span class='ocrx_word' id='word_1_197' title='bbox 1238 3219 1308 3266; x_wconf 88' lang='lat' dir='ltr'><strong>oon-</strong></span> 
     </span>
     <span class='ocr_line' id='line_1_30' title="bbox 274 3302 1308 3399; baseline -0.006 -26"><span class='ocrx_word' id='word_1_198' title='bbox 274 3305 440 3386; x_wconf 83' lang='lat' dir='ltr'><strong>venirent,</strong></span> <span class='ocrx_word' id='word_1_199' title='bbox 461 3303 663 3397; x_wconf 78' lang='lat' dir='ltr'><strong>provocavit.</strong></span> <span class='ocrx_word' id='word_1_200' title='bbox 707 3303 770 3370; x_wconf 89' lang='lat' dir='ltr'><strong>Or.</strong></span> <span class='ocrx_word' id='word_1_201' title='bbox 793 3302 836 3370; x_wconf 92' lang='lat' dir='ltr'><strong>de</strong></span> <span class='ocrx_word' id='word_1_202' title='bbox 850 3302 1029 3399; x_wconf 78' lang='lat' dir='ltr'><strong>Halon-p.</strong></span> <span class='ocrx_word' id='word_1_203' title='bbox 1051 3307 1121 3373; x_wconf 69' lang='lat' dir='ltr'><strong>sn·</strong></span> <span class='ocrx_word' id='word_1_204' title='bbox 1150 3303 1207 3372; x_wconf 89' lang='lat' dir='ltr'><strong>Ad</strong></span> <span class='ocrx_word' id='word_1_205' title='bbox 1228 3321 1308 3370; x_wconf 87' lang='lat' dir='ltr'><strong>com·</strong></span> 
     </span>
     <span class='ocr_line' id='line_1_31' title="bbox 270 3405 1309 3502; baseline 0.001 -29"><span class='ocrx_word' id='word_1_206' title='bbox 270 3406 467 3502; x_wconf 86' lang='lat' dir='ltr'><strong>ponendam</strong></span> <span class='ocrx_word' id='word_1_207' title='bbox 488 3409 592 3500; x_wconf 89' lang='lat' dir='ltr'><strong>igitur</strong></span> <span class='ocrx_word' id='word_1_208' title='bbox 613 3431 749 3476; x_wconf 88' lang='lat' dir='ltr'><strong>omnem</strong></span> <span class='ocrx_word' id='word_1_209' title='bbox 764 3405 1003 3476; x_wconf 80' lang='lat' dir='ltr'><strong>discordiarum</strong></span> <span class='ocrx_word' id='word_1_210' title='bbox 1024 3411 1199 3476; x_wconf 82' lang='lat' dir='ltr'><strong>materiam</strong></span> <span class='ocrx_word' id='word_1_211' title='bbox 1213 3405 1309 3474; x_wconf 84' lang='lat' dir='ltr'><strong>Athe-</strong></span> 
     </span>
     <span class='ocr_line' id='line_1_32' title="bbox 273 3505 1309 3607; baseline -0.009 -26"><span class='ocrx_word' id='word_1_212' title='bbox 273 3515 408 3582; x_wconf 90' lang='lat' dir='ltr'><strong>nienses</strong></span> <span class='ocrx_word' id='word_1_213' title='bbox 417 3513 593 3604; x_wconf 82' lang='lat' dir='ltr'><strong>primum,</strong></span> <span class='ocrx_word' id='word_1_214' title='bbox 622 3529 661 3579; x_wconf 90' lang='lat' dir='ltr'><strong>ut</strong></span> <span class='ocrx_word' id='word_1_215' title='bbox 691 3511 914 3606; x_wconf 90' lang='lat' dir='ltr'><strong>Amphipolin</strong></span> <span class='ocrx_word' id='word_1_216' title='bbox 940 3513 1006 3592; x_wconf 90' lang='lat' dir='ltr'><strong>sibi</strong></span> <span class='ocrx_word' id='word_1_217' title='bbox 1033 3511 1214 3607; x_wconf 90' lang='lat' dir='ltr'><strong>Philippus</strong></span> <span class='ocrx_word' id='word_1_218' title='bbox 1239 3505 1309 3576; x_wconf 90' lang='lat' dir='ltr'><strong>red-</strong></span> 
     </span>
     <span class='ocr_line' id='line_1_33' title="bbox 256 3612 1322 3709; baseline -0.002 -25"><span class='ocrx_word' id='word_1_219' title='bbox 256 3613 380 3698; x_wconf 81' lang='lat' dir='ltr'><strong>deret,</strong></span> <span class='ocrx_word' id='word_1_220' title='bbox 403 3613 632 3709; x_wconf 81' lang='lat' dir='ltr'><strong>postulabant,</strong></span> <span class='ocrx_word' id='word_1_221' title='bbox 663 3612 701 3702; x_wconf 75' lang='lat' dir='ltr'><strong>(l.</strong></span> <span class='ocrx_word' id='word_1_222' title='bbox 724 3639 753 3682; x_wconf 91' lang='lat' dir='ltr'><strong>c.</strong></span> <span class='ocrx_word' id='word_1_223' title='bbox 774 3640 810 3709; x_wconf 87' lang='lat' dir='ltr'><strong>p.</strong></span> <span class='ocrx_word' id='word_1_224' title='bbox 833 3620 893 3699; x_wconf 85' lang='lat'><strong>82,</strong></span> <span class='ocrx_word' id='word_1_225' title='bbox 918 3619 997 3700; x_wconf 79' lang='lat'><strong>83),</strong></span> <span class='ocrx_word' id='word_1_226' title='bbox 1025 3635 1099 3686; x_wconf 89' lang='lat' dir='ltr'><strong>tum</strong></span> <span class='ocrx_word' id='word_1_227' title='bbox 1125 3634 1165 3685; x_wconf 91' lang='lat' dir='ltr'><strong>ut</strong></span> <span class='ocrx_word' id='word_1_228' title='bbox 1190 3629 1322 3684; x_wconf 49' lang='lat' dir='ltr'><strong>ceterae,</strong></span> 
     </span>
     <span class='ocr_line' id='line_1_34' title="bbox 275 3713 1305 3816; baseline -0.008 -26"><span class='ocrx_word' id='word_1_229' title='bbox 275 3745 412 3816; x_wconf 80' lang='lat' dir='ltr'><strong>quoqne</strong></span> <span class='ocrx_word' id='word_1_230' title='bbox 436 3715 597 3788; x_wconf 79' lang='lat' dir='ltr'><strong>Graeciae</strong></span> <span class='ocrx_word' id='word_1_231' title='bbox 621 3721 787 3804; x_wconf 80' lang='lat' dir='ltr'><strong>civitates,</strong></span> <span class='ocrx_word' id='word_1_232' title='bbox 815 3745 955 3812; x_wconf 84' lang='lat' dir='ltr'><strong>magnae</strong></span> <span class='ocrx_word' id='word_1_233' title='bbox 983 3745 1158 3812; x_wconf 86' lang='lat' dir='ltr'><strong>parvaeve,</strong></span> <span class='ocrx_word' id='word_1_234' title='bbox 1188 3713 1305 3788; x_wconf 82' lang='lat' dir='ltr'><strong>etiamsi</strong></span> 
     </span>
    </p>
   </div>
   <div class='ocr_carea' id='block_1_4' title="bbox 162 3819 1304 3919">
    <p class='ocr_par' dir='ltr' id='par_1_4' title="bbox 162 3819 1304 3919">
     <span class='ocr_line' id='line_1_35' title="bbox 162 3819 1304 3919; baseline -0.011 -23"><span class='ocrx_word' id='word_1_235' title='bbox 162 3831 163 3836; x_wconf 70' lang='grc'>’</span> <span class='ocrx_word' id='word_1_236' title='bbox 272 3849 345 3895; x_wconf 84' lang='lat' dir='ltr'><strong>non</strong></span> <span class='ocrx_word' id='word_1_237' title='bbox 373 3841 483 3894; x_wconf 90' lang='lat' dir='ltr'><strong>essent</strong></span> <span class='ocrx_word' id='word_1_238' title='bbox 517 3819 554 3890; x_wconf 88' lang='lat' dir='ltr'><strong>in</strong></span> <span class='ocrx_word' id='word_1_239' title='bbox 580 3847 697 3915; x_wconf 87' lang='lat' dir='ltr'><strong>pacem</strong></span> <span class='ocrx_word' id='word_1_240' title='bbox 733 3821 921 3918; x_wconf 85' lang='lat' dir='ltr'><strong>foedusque</strong></span> <span class='ocrx_word' id='word_1_241' title='bbox 956 3843 1125 3919; x_wconf 77' lang='lat' dir='ltr'><strong>receptae,</strong></span> <span class='ocrx_word' id='word_1_242' title='bbox 1166 3842 1200 3894; x_wconf 90' lang='lat' dir='ltr'><strong>et</strong></span> <span class='ocrx_word' id='word_1_243' title='bbox 1232 3838 1304 3917; x_wconf 87' lang='lat' dir='ltr'><strong>pace</strong></span> 
     </span>
    </p>
   </div>
   <div class='ocr_carea' id='block_1_5' title="bbox 141 3923 1307 4229">
    <p class='ocr_par' dir='ltr' id='par_1_5' title="bbox 141 3923 1307 4229">
     <span class='ocr_line' id='line_1_36' title="bbox 275 3923 1306 4022; baseline -0.011 -21"><span class='ocrx_word' id='word_1_244' title='bbox 275 3946 388 4002; x_wconf 79' lang='lat' dir='ltr'><strong>tamen</strong></span> <span class='ocrx_word' id='word_1_245' title='bbox 410 3947 443 3998; x_wconf 88' lang='lat' dir='ltr'><strong>et</strong></span> <span class='ocrx_word' id='word_1_246' title='bbox 464 3928 616 3996; x_wconf 89' lang='lat' dir='ltr'><strong>libertate</strong></span> <span class='ocrx_word' id='word_1_247' title='bbox 639 3929 683 3996; x_wconf 88' lang='lat' dir='ltr'><strong>ita</strong></span> <span class='ocrx_word' id='word_1_248' title='bbox 705 3927 895 4010; x_wconf 82' lang='lat' dir='ltr'><strong>fuerentur,</strong></span> <span class='ocrx_word' id='word_1_249' title='bbox 923 3947 960 3996; x_wconf 89' lang='lat' dir='ltr'><strong>nt</strong></span> <span class='ocrx_word' id='word_1_250' title='bbox 982 3931 1010 3996; x_wconf 90' lang='lat' dir='ltr'><strong>si</strong></span> <span class='ocrx_word' id='word_1_251' title='bbox 1033 3929 1169 4022; x_wconf 87' lang='lat' dir='ltr'><strong>quando</strong></span> <span class='ocrx_word' id='word_1_252' title='bbox 1191 3930 1228 3995; x_wconf 83' lang='lat' dir='ltr'><strong>in</strong></span> <span class='ocrx_word' id='word_1_253' title='bbox 1248 3923 1306 3990; x_wconf 89' lang='lat' dir='ltr'><strong>dis·</strong></span> 
     </span>
     <span class='ocr_line' id='line_1_37' title="bbox 274 4025 1307 4126; baseline -0.008 -24"><span class='ocrx_word' id='word_1_254' title='bbox 274 4034 415 4108; x_wconf 75' lang='lat' dir='ltr'><strong>erimine</strong></span> <span class='ocrx_word' id='word_1_255' title='bbox 436 4050 656 4113; x_wconf 82' lang='lat' dir='ltr'><strong>versarentur,</strong></span> <span class='ocrx_word' id='word_1_256' title='bbox 679 4033 716 4112; x_wconf 92' lang='lat' dir='ltr'><strong>ii,</strong></span> <span class='ocrx_word' id='word_1_257' title='bbox 739 4034 800 4124; x_wconf 88' lang='lat' dir='ltr'><strong>qni</strong></span> <span class='ocrx_word' id='word_1_258' title='bbox 823 4050 931 4101; x_wconf 89' lang='lat' dir='ltr'><strong>essent</strong></span> <span class='ocrx_word' id='word_1_259' title='bbox 952 4035 1044 4124; x_wconf 82' lang='lat' dir='ltr'><strong>pacis</strong></span> <span class='ocrx_word' id='word_1_260' title='bbox 1065 4033 1246 4126; x_wconf 89' lang='lat' dir='ltr'><strong>participes</strong></span> <span class='ocrx_word' id='word_1_261' title='bbox 1265 4025 1307 4094; x_wconf 87' lang='lat' dir='ltr'><strong>s-</strong></span> 
     </span>
     <span class='ocr_line' id='line_1_38' title="bbox 141 4133 1307 4229; baseline -0.007 -22"><span class='ocrx_word' id='word_1_262' title='bbox 141 4209 144 4218; x_wconf 69' lang='grc'><strong>,</strong></span> <span class='ocrx_word' id='word_1_263' title='bbox 252 4159 257 4164; x_wconf 95' lang='grc'><strong><em>·</em></strong></span> <span class='ocrx_word' id='word_1_264' title='bbox 274 4138 332 4218; x_wconf 84' lang='lat' dir='ltr'><strong>cti,</strong></span> <span class='ocrx_word' id='word_1_265' title='bbox 355 4133 498 4206; x_wconf 85' lang='lat' dir='ltr'><strong>liberam</strong></span> <span class='ocrx_word' id='word_1_266' title='bbox 511 4137 675 4207; x_wconf 84' lang='lat' dir='ltr'><strong>civitatem</strong></span> <span class='ocrx_word' id='word_1_267' title='bbox 690 4136 725 4202; x_wconf 91' lang='lat' dir='ltr'><strong>in</strong></span> <span class='ocrx_word' id='word_1_268' title='bbox 737 4153 942 4229; x_wconf 58' lang='lat' dir='ltr'><strong>“potestatem</strong></span> <span class='ocrx_word' id='word_1_269' title='bbox 965 4136 1109 4208; x_wconf 84' lang='lat' dir='ltr'><strong>alienam</strong></span> <span class='ocrx_word' id='word_1_270' title='bbox 1123 4135 1232 4228; x_wconf 86' lang='lat' dir='ltr'><strong>redigi</strong></span> <span class='ocrx_word' id='word_1_271' title='bbox 1245 4152 1307 4200; x_wconf 90' lang='lat' dir='ltr'><strong>nou</strong></span> 
     </span>
    </p>
   </div>
   <div class='ocr_carea' id='block_1_6' title="bbox 0 0 1352 4784">
    <p class='ocr_par' dir='ltr' id='par_1_6' title="bbox 0 0 1352 4784">
     <span class='ocr_line' id='line_1_39' title="bbox 0 0 1352 4784; baseline 0 0"><span class='ocrx_word' id='word_1_272' title='bbox 0 0 1352 4784; x_wconf 95' lang='lat' dir='ltr'><strong> </strong></span> 
     </span>
    </p>
   </div>
  </div>
 </body>
</html>
