2706 4782
130 1425 444 1556 Humanitatem,
458 1459 638 1556 hoechhi,
651 1462 707 1538 vir
722 1460 1045 1562 praestantissime,
1064 1489 1176 1566 quam

130 1585 245 1686 vulgo
284 1599 428 1684 gratam
466 1581 568 1658 illam
602 1584 714 1656 animi
748 1596 884 1658 vocant
928 1581 1174 1682 affectiomm,

131 1707 295 1808 quaein
322 1701 616 1795 mansuetudine,
642 1704 908 1805 inaequitate,
940 1707 980 1778 iu
1007 1705 1175 1782 dexteri-

136 1843 216 1918 tate,
240 1829 280 1900 iu
305 1823 530 1900 liberalitate
564 1822 725 1925 denique
759 1825 936 1920 cernitar,
961 1827 1055 1901 scite
1080 1826 1174 1903 mihi

129 1949 270 2051 antiqui
283 1949 537 2020 Romanorum
562 1947 775 2046 scriptores,
802 1946 868 2046 qui
893 1943 1022 2022 verbis
1047 1946 1173 2048 probe

129 2072 190 2146 usi
225 2084 328 2161 suut,
363 2063 611 2142 cruditionem
646 2066 756 2141 siruul
789 2064 1068 2169 doctrinamque
1093 2093 1172 2142 no-

129 2193 292 2264 minasse
325 2186 516 2282 ridentur,
553 2203 595 2262 ut
633 2186 787 2288 paulum
821 2186 936 2262 modo
976 2188 1174 2266 humanior

131 2311 234 2385 idem
256 2313 311 2384 eis
324 2308 463 2384 valeret
481 2323 518 2384 et
539 2307 695 2384 doctior.
745 2297 922 2384 Nimirum
936 2309 992 2387 itti
1005 2334 1082 2385 nou
1098 2300 1180 2386 una

133 2455 232 2508 uoce
253 2429 315 2501 -ad
343 2429 504 2506 diversas
546 2429 833 2530 significationes
875 2445 1017 2504 temere
1058 2430 1174 2524 abuti,

138 2547 210 2624 scd
235 2573 281 2623 eo
307 2545 347 2622 id
370 2553 494 2650 potius
520 2549 729 2651 siguificare
757 2547 943 2643 volebant,
968 2553 1065 2626 iuter
1090 2550 1172 2628 illas

135 2673 301 2762 uhtutcs,
327 2695 424 2772 quae
456 2671 650 2745 homiuem
684 2672 794 2746 unice
822 2669 990 2765 deceant,
1016 2687 1055 2747 et
1080 2697 1172 2747 cru-

132 2792 308 2866 ditionem
339 2793 564 2866 artissimum
596 2789 781 2866 vinculum
821 2793 1020 2886 interesse,
1053 2805 1172 2894 utque

131 2929 300 2990 veterum
334 2912 488 3015 quidam
524 2911 634 3007 dixit,
674 2915 739 3014 qui
780 2914 923 2990 sincere
958 2913 1098 2988 litteras
1132 2925 1171 2988 et

129 3034 249 3124 bonas
274 3050 374 3108 artes
401 3035 554 3136 cupiant
568 3050 833 3135 appetantque,
849 3058 917 3108 eos
941 3033 1002 3110 vel
1014 3037 1172 3110 manium

133 3180 213 3231 csse
238 3155 435 3230 humanos.
487 3160 607 3256 Atque
628 3155 698 3228 fuit
715 3153 917 3256 quondam,
944 3181 1062 3255 quum
1077 3157 1170 3257 ipsis

129 3277 191 3352 his
216 3280 354 3355 nostris
380 3282 614 3377 antiquarum
646 3275 851 3352 litterarum
882 3275 1014 3351 studiis
1021 3330 1033 3373 ,
1067 3299 1172 3378 quo·

126 3424 214 3474 rum
247 3423 350 3471 nunc
383 3398 610 3499 philologiae
643 3396 808 3498 amplum
841 3422 980 3474 nomeu
1007 3400 1173 3474 circum·

125 3520 266 3610 fertur,
306 3516 402 3594 haec
436 3517 621 3622 quaedam
661 3521 812 3620 propria
843 3521 959 3593 virtus
1001 3516 1171 3611 dabatur,

125 3637 238 3743 qnod
273 3641 460 3740 ingenium
495 3657 532 3715 et
566 3664 689 3714 mores
730 3664 822 3740 prae
864 3639 997 3714 ceteris
1039 3638 1172 3714 litteris

126 3759 298 3862 expolire
333 3777 370 3835 et
402 3759 603 3838 humanam
638 3776 804 3836 naturam
838 3762 946 3862 quasi
970 3757 1174 3834 humanio-

49 3970 53 3984 .
124 3907 214 3957 rem
240 3879 399 3955 reddere
434 3880 622 3975 valerent,
656 3884 711 3956 eis
744 3897 787 3960 ut
819 3883 931 3956 unice
966 3897 1004 3957 et
1038 3882 1174 3955 artium

124 3999 342 4078 liberalium
368 4018 405 4078 et
430 4001 670 4082 humanitatis
705 4002 913 4078 studiorum
939 4028 1079 4081 nomen
1102 4001 1175 4076 tri-

120 4123 325 4198 bueretur.
379 4122 491 4218 Quod
515 4124 602 4200 licet
628 4149 725 4199 nunc
752 4123 803 4199 de
827 4121 902 4201 hoc
929 4119 1175 4200 solostudio-
