2750 4772
529 269 686 376 gap,-

90 436 320 520 risimiliorea,
343 459 444 530 quam
467 437 610 504 coniecit
621 434 766 506 Boeclrh.
787 434 810 501 l.
835 459 864 504 c.
886 461 921 530 p.
943 437 998 528 94,
1022 453 1054 517 et
1075 462 1129 528 aes

89 557 183 609 cutus
212 541 312 608 etiam
344 558 394 607 est
422 537 539 630 ldeler.
569 538 592 606 l.
616 531 644 607 c.
670 523 746 608 Vol.
770 539 814 606 Il.
836 563 871 632 p.
893 539 975 608 6102
998 539 1130 610 scilicet-

88 667 194 736 quum
220 642 442 710 intercalandi
471 645 555 712 ratio
586 643 678 738 apud
709 641 852 736 singulas
889 643 1047 712 Graeciae
1078 648 1127 714 ci-

86 748 200 820 vitates
223 744 353 815 diversa
374 746 486 828 fuerit,
508 749 670 840 singulari
689 747 784 842 *apud
802 747 996 816 Corinthios
1018 749 1128 817 inter«

88 849 248 920 calltione
282 850 407 918 factum
428 875 515 932 esse,
546 869 584 919 ut
606 852 862 921 Corinthiorum
891 853 1055 920 Panemus
1085 877 1124 922 eo

88 979 183 1036 anno,
207 954 250 1022 ad
274 975 374 1048 quem
395 954 571 1022 referenda
586 974 635 1023 est
647 939 798 1054 Philippi
814 955 962 1048 epistola,
986 956 1124 1052 Olymp.

87 1059 158 1142 CX,
173 1083 213 1141 a,
236 1060 273 1124 in
295 1058 575 1127 Boedromiouem
597 1051 747 1128 Atticum
768 1076 1004 1128 removeretur.
1040 1055 1043 1064 ¹

169 1160 272 1247 Quod
293 1163 396 1258 igitur
417 1163 590 1258 hucusque
612 1165 809 1256 praesertim
828 1164 916 1253 'certe
937 1149 1124 1257 explorasse

83 1267 179 1336 nobis
201 1266 364 1348 ridemur,
386 1267 452 1334 hoc
479 1284 542 1335 est:
577 1270 717 1336 excitato
746 1268 885 1361 Olymp.
914 1268 994 1351 CX,
1032 1294 1043 1336 t
1087 1273 1124 1338 in

83 1395 183 1440 verno
198 1369 485 1464 Amphictyonum
508 1373 653 1440 concilio
675 1371 766 1440 bello
790 1372 944 1466 adversus
965 1375 1126 1466 Amphis-

84 1496 202 1558 senses,
225 1477 431 1566 insequentis
454 1477 565 1542 statim
586 1475 676 1557 anni,
700 1474 838 1569 Olymp.
860 1476 933 1557 CX,
957 1499 988 1558 2,
1011 1503 1124 1546 mense

85 1580 326 1672 Metagitnione
349 1577 552 1674 Philippum
568 1579 609 1644 ab
630 1559 934 1676 Amphictionibus
958 1582 996 1646 in
1020 1580 1124 1652 Grae·
1177 1605 1178 1609 ¹

84 1685 167 1750 ciam
188 1685 367 1750 invitatum
389 1706 458 1748 esse
481 1684 516 1749 in
548 1707 687 1774 eamque
715 1685 868 1777 sequenti
898 1707 1011 1753 mense
1039 1686 1130 1763 Boea

85 1785 257 1857 dromioue
287 1787 439 1854 uaiicere
468 1787 684 1854 contistuisse.
739 1788 909 1855 Postrema
931 1787 1012 1854 haec
1042 1785 1123 1856 dum

84 1909 275 1982 agerentur,
304 1889 487 1958 Aeschines
518 1889 597 1960 deos
620 1891 709 1983 ipsos
741 1890 961 1958 Athenienses
996 1916 1123 1974 eorum,

85 2019 168 2086 quae
197 2010 355 2064 eventura
386 2011 513 2075 essent,
547 1991 757 2094 admonuisse
799 1995 974 2062 contendit
1011 1999 1123 2088 omine

84 2121 150 2190 pcr-
165 2117 308 2168 mortem
321 2099 531 2166 initiatorum
552 2098 589 2164 in
603 2098 770 2190 Mystcriis
788 2097 864 2166 dato
888 2096 951 2185 (or.
974 2099 1011 2165 in
1036 2099 1123 2170 Ctes.
1172 2101 1173 2104 ’

86 2224 119 2293 p.
148 2227 188 2290 7²
210 2210 280 2286 m).
327 2201 428 2288 Quod
453 2219 486 2270 et
514 2197 734 2270 certissimum
762 2203 866 2294 possit
893 2222 1124 2294 argumentum

87 2329 200 2376 corum
224 2330 303 2386 esse,
329 2331 418 2398 quae,
437 2304 478 2372 de
499 2307 677 2398 posteriori
692 2304 824 2398 Pylaea,
849 2303 958 2397 deque
972 2306 1123 2402 Philippi
1149 2337 1155 2348 “

87 2408 128 2473 ad
149 2412 255 2478 socios
276 2409 577 2502 Peloponnesiacos
604 2408 743 2502 epistola
763 2407 864 2476 modo
885 2409 1073 2491 statuimus,
1095 2413 1124 2500 si

88 2512 248 2604 Mysteria
270 2512 329 2580 illa
349 2539 469 2606 magna
490 2513 623 2591 suerint,
646 2513 773 2606 quippe
796 2535 881 2606 quae
904 2536 1017 2580 mense
1039 2515 1124 2582 Boe-

88 2613 260 2687 dromione
276 2617 537 2684 celebrarentur.
583 2617 644 2683 Sin
659 2633 767 2684 antem
782 2639 883 2708 parva
898 2633 1000 2698 erant,
1024 2641 1124 2684 omen
1172 2627 1175 2634 '

87 2713 171 2786 illud
193 2721 237 2788 ad
259 2722 550 2796 Anthesterionem
562 2717 774 2788 referendum
786 2738 845 2787 est.
890 2720 1010 2812 Neque
1033 2723 1123 2788 enim

86 2820 129 2888 ita
151 2827 256 2892 serius
280 2851 299 2890 a
328 2824 392 2892 diis
420 2828 559 2892 missum
582 2840 682 2904 esset,
717 2849 823 2918 quum
844 2822 1021 2916 Philippus
1039 2825 1125 2892 Ala·

86 2925 286 3014 phebolione
309 2929 450 2996 demum
467 2943 582 2994 mense
603 2929 640 2994 in
665 2925 842 2995 Graeciam
864 2929 1041 2994 traiecerit.

109 3035 113 3043 ’
170 3015 238 3100 Sed
263 3050 443 3125 autequam
465 3029 508 3099 ad
537 3033 757 3123 sequentium¹
778 3054 893 3096 rerum
922 3031 1123 3125 descriptio-

87 3153 161 3200 nem
184 3135 450 3228 progrediamur,
473 3133 718 3203 subsistendum
739 3134 797 3200 hic
817 3133 1007 3226 paullulum
1029 3133 1122 3202 vidc-

87 3251 151 3318 tur,
180 3240 495 3332 quaerendumque,
530 3241 590 3334 qui
622 3254 709 3320 tum,·
745 3263 851 3330 quum
880 3235 1055 3331 Philippus
1084 3239 1122 3304 in
1178 3225 1182 3277 ’-

88 3336 261 3428 Graeciam
284 3345 438 3412 traiicere
459 3341 668 3425 moliebatur,
689 3340 791 3409 luerit
811 3367 933 3430 rernm
946 3359 1047 3410 status
1068 3341 1123 3408 in-

89 3457 137 3508 ter
157 3445 354 3541 Philippum
376 3465 409 3516 et
423 3433 650 3524 Athenienses
678 3463 837 3513 actarum.
882 3447 1016 3520 Etenim
1037 3445 1124 3512 Dio·

89 3541 186 3616 dorus
202 3553 322 3646 (XVI,
339 3552 395 3644 84)
418 3551 616 3646 Philippum
637 3551 812 3642 inopinato
841 3548 997 3622 invasisse
1017 3548 1123 3614 Athe-

90 3650 217 3720 nienses
240 3657 370 3752 ipsein
393 3655 535 3724 Graecia
555 3653 677 3736 refert,
708 3655 833 3746 quippe
848 3655 966 3742 minus
988 3651 1031 3720 ad
1052 3649 1123 3740 bel-

89 3747 158 3820 lum
179 3777 309 3852 paratos
338 3764 378 3830 oh
401 3785 534 3854 pacem,
565 3783 667 3852 quarn
697 3756 834 3851 Olymp.
860 3756 938 3839 CX,
971 3781 982 3823 r
1017 3758 1124 3823 inter·

90 3855 185 3934 missa
205 3865 357 3959 Byzantii
386 3862 559 3952 obsidione
590 3886 668 3929 cum
699 3857 957 3938 Atheniensibus
986 3861 1123 3953 compo-

92 3960 189 4030 suisse
218 3965 414 4061 Philippum
439 3975 552 4035 narrat
582 3965 684 4047 XVI,
698 4039 701 4044 ¹
715 3987 767 4054 77.
812 3965 906 4032 Pacis
934 3963 1031 4032 huius
1057 3967 1148 4052 necl

92 4057 356 4168 Demosthenes,
374 4095 438 4167 nec
459 4061 655 4156 Aeschines,
682 4091 745 4136 nec
767 4064 854 4134 ullus
877 4065 961 4158 alius
982 4068 1124 4162 scriptor

689 4219 695 4230 ι
751 4175 821 4244 15*
