2712 4762
201 375 343 460 referat,
370 397 470 445 nemo
500 392 558 447 est.
608 373 760 472 Philippi
794 393 883 458 certe
912 380 949 446 in
978 401 1051 464 eam
1078 379 1255 472 ¹impetum
1349 405 1350 442 3

204 471 315 548 statui
333 502 403 547 non
430 505 544 574 posse,
575 503 679 575 supra
706 485 897 550 monuimus
926 482 975 575 (p.
1003 483 1068 566 63).
1121 483 1255 552 Contra

206 580 451 676 expeditionem
473 585 729 654 Atheniensium
758 587 795 652 in
818 586 925 678 Cypri
954 586 1073 653 urbem
1104 585 1255 654 Salami-

205 709 295 768 nem,
319 683 374 754 Ol.
399 687 507 770 GVH,
531 713 551 756 c
574 705 770 781 susceptam,
792 708 831 757 ut
852 707 1083 771 statueremus,
1111 687 1256 756 adduxit
1349 745 1350 752 ,

206 814 267 857 nos
290 789 461 859 Di0dorns
486 793 584 875 XVI,
617 792 659 880 42
690 809 723 859 et
743 793 796 878 46.
841 793 976 860 Etenim
998 790 1053 860 ol.
1078 792 1192 874 CVII,
1230 815 1254 858 2
1349 799 1350 878 ἧ

209 893 341 986 Cyprus
363 895 405 962 ab
427 897 603 963 Artaxerxe
619 894 756 963 ‘defecit
800 896 831 962 A
860 920 927 989 quo
958 893 1104 978 ldrieus,
1129 895 1258 964 Cariae.
1349 921 1350 928 ¹

209 996 359 1090 dynasta,
381 998 524 1094 insulam
545 1002 652 1068 iussus
685 999 721 1064 in
744 1000 918 1067 Persarum
939 1017 1135 1092 potestatem
1156 1000 1254 1068 redi·
1349 1001 1350 1020 ³

174 1087 178 1106 ’
211 1123 299 1194 gere,
323 1099 459 1169 classem
481 1122 597 1172 contra
619 1101 801 1173 defectores
823 1104 914 1170 misit
936 1102 1077 1170 ducibus
1100 1105 1256 1196 Euagora
1349 1139 1350 1150 ν

210 1223 244 1272 et
265 1204 484 1274 Phocione
506 1207 721 1288 Atheniensi,
754 1207 811 1296 qui
833 1207 951 1275 urbem
972 1208 1166 1299 praesertim
1189 1206 1256 1273 Sa·
1349 1203 1350 1274 j

210 1305 386 1391 laminam,
418 1308 682 1396 diuohsessam,
711 1312 917 1402 insequenti.
934 1335 1037 1393 enno,
1060 1310 1117 1378 Ol.
1142 1311 1255 1393 CVII,

211 1413 230 1480 3
266 1409 504 1505 expugnarunt.
560 1414 610 1482 Eo
646 1415 718 1507 ipso
755 1431 903 1507 tempure
939 1415 1132 1482 Artaxerxes
1159 1412 1254 1482 bello

211 1515 416 1608 Aegyptiaco
432 1503 435 1509 ⁵
451 1517 630 1612 occupatus
672 1516 829 1584 auxilium
866 1543 885 1584 a
932 1516 1069 1584 Graeus
1104 1519 1252 1612 petebat.
1349 1529 1350 1538 ’

212 1620 435 1714 Quapropter,
451 1639 491 1718 ¹et
513 1621 605 1714 quod
628 1621 776 1689 Phocion
799 1620 895 1688 classi
926 1623 1100 1689 Persarum
1122 1620 1164 1688 ad
1190 1621 1254 1690 Sa-

210 1720 369 1790 laminem
396 1725 581 1817 praefectus
608 1725 725 1806 fuerit,
764 1723 822 1790 illa
859 1748 994 1817 quoque
1028 1722 1162 1794 alterius
1192 1724 1255 1792 de-

213 1830 293 1894 creti
318 1827 687 1921 Salaminia'expeditio
711 1828 754 1894 ad
776 1853 900 1894 annum
923 1817 980 1895 Ol.
999 1828 1103 1910 CVII,
1128 1853 1146 1894 c
1169 1852 1255 1922 pro-

211 1929 366 1997 babiliter
386 1934 484 2000 nobis
507 1931 680 2000 referenda
696 1931 878 2014 videbatur,
901 1957 939 2000 ac
961 1933 989 2000 si
1012 1956 1050 1998 ea
1072 1950 1155 1999 esset
1172 1934 1255 2000 Per·
1349 2013 1350 2026 ¹

213 2035 256 2100 sis
288 2035 407 2103 auxilio
425 2037 553 2121 ,missa3
583 2061 623 2102 ex
662 2061 768 2129 eaque
806 2060 975 2132 reversum
1006 2027 1253 2104 *Charidemum
1349 2031 1350 2074 t

215 2156 247 2205 et
271 2139 456 2206 Diotimum
481 2139 535 2205 Ol.
561 2139 671 2220 CVII,
703 2142 723 2209 3
752 2137 995 2224 Boedromione
1017 2139 1128 2206 relatis
1150 2141 1254 2207 ratio·
1349 2135 1350 2146 ¹

213 2241 314 2308 nibus
345 2260 517 2310 coronatos
549 2245 757 2333 censuimus,
790 2268 856 2310 una
879 2268 957 2311 eum
980 2242 1155 2323 Nausiele,
1190 2246 1251 2335 qui

216 2339 271 2414 ΟΙ.
295 2345 440 2438 quidem
457 2346 546 2430 CVI,
569 2347 591 2435 4
612 2349 646 2413 in
671 2349 819 2414 imbrum
841 2352 978 2428 missus,
1012 2347 1127 2437 ibique
1150 2345 1191 2412 de
1213 2371 1252 2413 re
1277 2366 1282 2372 ·
1349 2405 1350 2438 3

215 2449 352 2541 publicu
385 2452 630 2518 benemeritus
653 2453 711 2534 sit,
745 2453 839 2518 ouius
868 2468 979 2518 tamen
1001 2453 1253 2519 coronationem
1349 2503 1350 2512 ,

115 2577 118 2584 ’
215 2578 426 2650 quacumque
455 2552 497 2620 de
527 2579 622 2622 eausa
656 2579 719 2648 per
755 2553 838 2623 duos
867 2577 971 2624 annos
1006 2553 1142 2622 dilatam
1182 2578 1252 2630 esse

215 2657 444 2748 opinabamur.

303 2754 374 2826 sed‘
393 2761 472 2828 huic
499 2765 682 2830 sententiae
709 2787 798 2830 nunc
828 2786 907 2830 sane
929 2763 1089 2832 Boechhii
1121 2762 1252 2830 monitu
1349 2797 1350 2844 p

216 2864 404 2956 gravissima
427 2865 555 2932 obstare
577 2885 769 2956 argumenta
790 2869 960 2934 sentimus.
1004 2937 1006 2942 ,

322 2969 456 3034 Etenim
480 2972 614 3038 omniuo
638 2995 707 3037 non
737 2972 918 3037 verisimile
941 2989 999 3052 est,
1023 2968 1079 3037 Ol.
1104 2969 1207 3051 CVII,
1229 2993 1249 3035 a

216 3071 437 3141 Athenienses
471 3075 580 3142 Persis
614 3076 752 3156 misisse,
778 3072 919 3156 auxilia,
958 3073 1050 3169 quod
1087 3073 1250 3141 Diodorus
1349 3155 1350 3182 1

216 3175 435 3244 Athenienses
453 3194 557 3271 'atque
578 3178 869 3259 Lacedaemonios,
892 3202 998 3270 quum
1020 3185 1059 3244 ab
1072 3179 1251 3246 Artaxerxe
1349 3257 1350 3272 ¹

215 3277 260 3346 ad
287 3278 369 3346 belli
397 3297 511 3349 contm
540 3283 720 3376 Aegyptios
755 3284 945 3351 societatem
973 3282 1102 3350 invitati
1135 3298 1250 3364 essent,

216 3403 381 3450 recusasse
404 3408 477 3449 eam
499 3384 618 3452 refert:
648 3385 706 3472 τὴν
734 3388 840 3473 φιλίαν
862 3386 981 3474 ’ἔφασαν
1002 3386 1059 3470 τὴν
1081 3385 1159 3474 πρὸς
1180 3385 1250 3464 τοὺς

216 3489 353 3576 Πέρσας
367 3499 481 3575 τηρεῖν,
505 3491 684 3572 συμμαχίαν
706 3489 1122 3560 transmutationem
1144 3489 1248 3579 (XVI,
1348 3525 1350 3576 p

217 3591 281 3678 44).
332 3589 465 3660 Foedus
495 3593 598 3682 igitur
625 3591 843 3660 Athenienses
880 3591 1092 3688 subsidiaque
1121 3616 1249 3660 recusa-

217 3712 311 3779 runt,
352 3696 515 3764 nimirum
550 3694 640 3788 quod
668 3695 786 3766 eodem
819 3714 969 3789 tempore
1004 3699 1156 3789 occupati
1187 3699 1249 3791 ipsi

217 3801 291 3866 satis
315 3819 410 3867 erant
437 3798 527 3866 bello
557 3798 710 3868 adversus
740 3801 949 3897 Philippum,
984 3803 1043 3894 qui
1066 3801 1123 3868 Ol.
1148 3801 1248 3884 CVII,

222 3928 232 3970 t
261 3905 440 3971 Thraciam
463 3905 628 3994 ingressus
641 3905 847 3975 Chersoneso
863 3925 903 3973 et
925 3905 985 3973 illo
1009 3925 1041 3973 et
1063 3907 1247 3999 insequenti
1349 3915 1350 3970 ζ

218 4031 303 4076 auno
327 4009 552 4080 imminebat,
579 4009 620 4076 V.
645 4034 668 4077 s.
692 4037 725 4104 p.
755 4013 814 4100 196
848 4019 885 4079 et'
902 4035 986 4104 quae
1007 4011 1094 4078 infra
1111 4009 1151 4076 de
1167 4010 1248 4077 Cha-
