2706 4782
142 1412 453 1546 Humanitatem,
468 1447 647 1546 Boeokhi,
661 1452 716 1529 vir
731 1450 1055 1552 praestantissime,
1073 1475 1183 1554 qtmm

141 1573 256 1674 vulgo
295 1589 437 1673 gratam
476 1571 578 1646 illam
612 1574 723 1646 animi
757 1585 893 1648 vocant
937 1571 1181 1670 affectionem,

5 1719 6 1732 ¹
118 1696 305 1798 ,quaein
332 1691 626 1784 mausuetudine,
652 1694 690 1766 in
716 1696 917 1794 aequitate,
950 1697 989 1767 iu
1016 1694 1183 1771 dexteri-

143 1831 225 1908 tate,
252 1818 292 1888 iu
316 1812 539 1888 liberalitate
573 1811 735 1914 denique
769 1816 946 1910 cernitu,
971 1817 1064 1890 scite
1090 1816 1183 1894 mihi

139 1937 281 2040 antiqui
295 1938 546 2009 Romanorum
572 1937 784 2036 scriptores,
811 1937 878 2036 qui
902 1933 1031 2012 verbis
1057 1937 1182 2040 probe

139 2061 200 2134 usi
234 2073 338 2148 sunt,
373 2053 621 2132 eruditionem
656 2055 766 2130 simul
799 2054 1077 2160 doctrinamque
1103 2085 1181 2133 no-

139 2182 300 2254 minasse
335 2175 525 2271 ridentur,
563 2193 604 2252 ut
643 2175 797 2276 paulum
831 2177 945 2254 modo
985 2178 1193 2257 humanior.

141 2300 242 2374 idem
265 2301 319 2373 eis
333 2297 473 2373 valeret
490 2313 528 2372 et
549 2296 704 2374 doctior.
755 2289 932 2374 Nimirum
945 2299 1001 2378 ilii
1015 2325 1092 2376 non
1108 2291 1190 2376 uua¹

142 2443 238 2496 voce
260 2419 321 2491 ad
351 2419 513 2494 diversas
555 2419 843 2520 significationes
884 2436 1026 2496 temere
1067 2420 1183 2514 abuti,

143 2536 215 2612 scd
241 2563 286 2612 co
312 2535 353 2612 id
377 2543 503 2639 potius
529 2539 738 2641 siguificare
766 2539 953 2634 volebant,
978 2544 1075 2616 iuter
1100 2541 1181 2620 illas

143 2662 308 2750 virtutes,
335 2685 433 2761 quae
466 2659 659 2734 hominem
693 2663 804 2736 unice
831 2661 999 2756 deceant,
1025 2677 1064 2738 et
1088 2689 1181 2738 eru-

141 2779 316 2854 ditionem
349 2783 573 2854 artissimum
605 2780 791 2856 vinculum
830 2784 1029 2877 interesse,
1062 2799 1181 2886 utque

139 2917 310 2992 ueterum
343 2901 497 3004 quidam
532 2901 642 2996 dixit,
683 2906 748 3006 qui
789 2905 932 2980 sincero
967 2904 1107 2979 litteras
1142 2917 1180 2980 et

137 3021 257 3110 bonas
284 3039 383 3096 artes
410 3025 563 3125 cupiant
576 3040 849 3126 appetantque,
859 3049 925 3100 eos
950 3025 1011 3101 rel
1023 3029 1181 3102 maxime

140 3169 222 3218 esse
248 3143 443 3232 humanos.
496 3149 616 3246 Atque
637 3145 706 3219 fuit
723 3144 926 3247 quondam,
953 3171 1071 3247 quum
1086 3149 1179 3249 ipsis

138 3265 200 3340 his
225 3267 363 3344 nostris
389 3270 623 3367 antiquarum
655 3265 859 3342 litterarum
891 3265 1023 3342 studiis
1030 3319 1041 3364 ,
1076 3291 1180 3369 quo-

133 3371 223 3463 rum
257 3410 358 3459 nunc
391 3385 619 3487 philologiae
652 3387 817 3489 amplum
850 3413 989 3463 nomen
1015 3391 1181 3464 circum·-

139 3506 274 3598 fertur,
315 3505 410 3582 haec
445 3505 629 3609 quaedam
669 3513 820 3611 propria
851 3512 967 3584 virtus
1010 3508 1180 3604 dabatur,

140 3625 247 3729 quod
282 3629 469 3728 ingenium
504 3645 540 3704 et
574 3654 697 3705 mores
738 3655 830 3730 prae
872 3630 1006 3706 c'cteris
1048 3630 1180 3706 litteris

139 3747 306 3848 expolire
342 3765 378 3822 et
410 3747 611 3826 humanam
646 3766 813 3826 naturam
846 3753 954 3853 quasi
979 3750 1183 3826 humanio-

63 3955 67 3970 .
140 3894 223 3943 rem
248 3868 408 3945 reddere
443 3869 630 3965 valerent,
664 3874 719 3947 eis
752 3887 794 3949 ut
826 3874 939 3947 unice
975 3888 1012 3948 et
1046 3861 1183 3948 artium

140 3985 349 4064 liberalium
376 4005 414 4066 et
439 3989 677 4072 humanitatis
713 3990 920 4067 studiorum
947 4019 1087 4071 nomeu
1111 3993 1183 4068 tri-

135 4108 333 4186 bueretur.
387 4110 499 4206 Quod
524 4113 609 4188 lieet
636 4111 811 4188 nuncde
835 4111 910 4190 hcc
937 4112 1019 4190 solo
1032 4112 1184 4190 studio-
