2740 4774
694 280 850 384 se..

163 520 170 530 ,
256 449 381 520 diutius
410 450 446 515 in
479 469 517 514 ea
546 446 675 520 morari
708 459 989 567 superuacaneum
1023 442 1184 520 videatun
1231 447 1297 514 lle·

222 559 407 650 'primunt
440 552 529 620 enim
566 547 730 618 eiusmodi
759 551 984 663 suspicionem
1012 547 1140 670 reliqua
1172 573 1297 620 mouu-

255 677 375 743 menta,
397 657 540 725 orationi
562 651 672 721 huic'
658 671 801 762 ruserta,
833 678 980 745 quorum
1005 655 1162 726 omniunt
1182 679 1222 720 ea
1245 671 1302 730 est,

256 764 419 845 conditio,
450 761 489 828 u't
519 744 668 827 etiamsi
677 760 725 836 in
750 757 890 850 singulis
922 758 1098 850 depravata
1128 756 1300 849 quaedam,

255 887 309 936 aut
337 864 486 934 mutilata
514 861 793 958 deprehenderis,
825 864 937 932 omnio
965 879 1076 932 tamen
1104 880 1193 938 certe
1221 887 1298 935 nou

252 1081 563 1102 Μ

339 1235 459 1299 luissent
487 1231 588 1320 legati,
618 1260 671 1298 suo
700 1259 735 1298 ex
764 1209 880 1320 ingenio
907 1229 1065 1315 addiderit,
1093 1240 1121 1294 et
1142 1231 1296 1296 Eubulum

302 1339 306 1348 '
332 1317 460 1409 ‘quidem
489 1337 631 1384 mutuatus
661 1326 697 1384 sit
727 1323 802 1383 ab
794 1347 858 1406 1pso
880 1325 1075 1385 Demosthene
1097 1303 1154 1400 (de
1178 1343 1237 1382 cor.
1261 1343 1293 1406 p.

342 1414 432 1490 232),
461 1413 645 1488 Aeschinem,
681 1411 965 1493 Cephisophontem,
1005 1412 1147 1472 Cleonem
1175 1408 1294 1470 desum-

339 1500 430 1582 pserit
452 1520 488 1559 ex
510 1499 657 1558 Aeschinis
678 1498 778 1558 libello
798 1499 849 1575 (de
871 1519 932 1559 cor.
956 1521 987 1580 p.
1002 1497 1101 1576 243),
1131 1498 1289 1558 Democra-

339 1602 398 1646 tem
430 1606 466 1646 ex
495 1585 612 1646 decreto
634 1586 835 1647 Demosthenis
856 1585 905 1662 (de
928 1607 987 1646 cor.
1005 1607 1040 1667 p.
1057 1585 1153 1686 .,289)
1207 1583 1292 1646 uibus

340 1675 489 1758 quinque
501 1673 556 1732 hoc
583 1670 671 1731 modo
700 1671 821 1748 additis,
849 1673 997 1780 irrepsisse
1026 1674 1109 1732 etiam
1137 1673 1166 1730 in
1145 1607 1297 1730 ’‘decre-

338 1777 400 1819 tnm
422 1757 535 1819 coniicit
556 1753 628 1817 illud
650 1752 793 1840 πρέσβεις
814 1747 947 1820 ἑλέσθαι
960 1753 1031 1840 ddi]
1044 1749 1164 1821 πέντε
1209 1760 1294 1818 Eun-

339 1845 405 1906 dem
427 1845 541 1906 finxisse
563 1845 646 1903 etiam
668 1845 815 1906 contendit
837 1846 1008 1928 Spengelius
1030 1847 1193 1906 anebontem
1204 1840 1295 1904 Mne·

337 1933 487 2016 siphilum,
509 1933 591 1991 sicuti
611 1932 741 2014 reliquos
759 1931 1027 2036 pseudeponyrnos,
1047 1921 1194 2016 quotquot
1206 1951 1295 2014 prae·

339 2021 388 2080 fixi
415 2020 471 2078 siut
500 2018 623 2079 decretis
645 2020 767 2080 orationi
787 2019 826 2078 de
849 2042 907 2079 cor.
930 2021 1063 2096 insertis,
1091 2035 1120 2082 et
1141 2017 1305 2120 ιίιΙιιιιειιιιιΙ

341 2108 425 2167 etiam
452 2127 514 2168 esse
544 2107 573 2164 in
602 2105 882 2169 Hecatombaeonem
903 2107 1100 2212 ultimum‚q
1100 2105 1162 2171 uod
1182 2127 1247 2212 pax
1262 2107 1294 2164 in

340 2194 459 2258 decreto
482 2193 642 2273 cumposita
665 2191 772 2278 feratur
795 2190 834 2252 ἐν
862 2193 906 2275 τῇ
927 2186 1062 2276 πρώτῃ
1076 2131 1290 2278 ἐκκλησία,

339 2281 408 2341 item
429 2281 458 2338 ἰιι
481 2278 597 2338 decreto
620 2275 768 2366 sequenti,
791 2279 990 2356 Callisthenis,
1021 2280 1049 2340 in
1073 2253 1293 2339 Maemacterio·

261 2431 278 2443 Η
338 2389 405 2428 nem
424 2349 523 2442 XXI,
553 2361 635 2448 quod
661 2357 720 2426 hoc
746 2364 833 2426 latum
855 2325 1074 2427 Demosthenes
1085 2363 1188 2426 dixerit
1204 2363 1293 2425 brem

339 2470 513 2556 postquam
540 2453 625 2535 legati
646 2467 704 2512 tres
732 2467 808 2514 ιοιοι
830 2475 940 2514 menses
967 2457 996 2514 in
1018 2453 1188 2514 Macedonia
1209 2471 1296 2514 com-⁸

339 2543 441 2602 morati
469 2541 593 2602 Athenas
631 2538 782 2601 redissent.
837 2541 947 2602 Eadem
981 2541 1044 2602 fere
1072 2563 1125 2600 nos
1152 2541 1293 2622 suspicati

339 2643 421 2688 antea
447 2648 552 2687 sumus.
595 2625 655 2686 Sed
684 2627 768 2708 quod
788 2629 844 2709 ipsi
864 2650 940 2690 nuuc
961 2628 1094 2704 facimus,
1115 2626 1293 2710 reprobran-

340 2729 383 2774 tes
406 2734 481 2796 quae
503 2719 591 2794 supra
612 2714 704 2776 minus
725 2729 803 2774 recte
826 2717 953 2774 statuisse
970 2715 1180 2794 intelleximus,
1212 2713 1292 2778 idem

340 2821 427 2882 spero
455 2799 595 2867 facturum
625 2797 811 2880 Spengelium
833 2822 894 2860 esse
916 2816 1070 2883 postquam
1092 2801 1229 2860 Boeclhii
1251 2799 1290 2860 de

340 2883 524 2946 archontibus
556 2883 738 2967 pseudepon.
767 2889 1031 2947 commentationem
1052 2887 1223 2970 perlegerit,
1260 2901 1292 2948 et

339 2973 459 3034 fortasse
477 2991 542 3031 mea
564 2973 647 3030 etiam
668 2973 752 3049 haec,
771 2975 797 3031 si
819 2993 861 3050 ea,
883 2973 915 3032 id
937 2974 1020 3056 quod
1039 2995 1150 3050 conor,
1168 2975 1204 3032 ad
1218 2995 1291 3034 con-

338 3059 503 3122 firmandam
528 3058 665 3120 Boeclthii
691 3061 856 3142 opinionem
885 3061 955 3120 utile
984 3062 1158 3144 aliquantum
1186 3061 1291 3126 attule-

338 3150 410 3224 rint,
433 3161 667 3228 mutaturumque
690 3167 755 3205 eum
776 3149 944 3228 praesertim
965 3169 1026 3208 eam
1039 3149 1205 3208 sententiam
1216 3169 1289 3225 esse,

340 3256 376 3295 ex
404 3255 463 3315 qua
489 3255 586 3293 omnes
619 3248 648 3292 et
675 3233 823 3293 archontes
852 3251 880 3293 et
902 3256 1011 3295 menses
1042 3235 1125 3294 etiam
1154 3233 1288 3316 diesque,

340 3321 392 3402 qui
413 3321 582 3402 praescripti
612 3321 680 3379 actis
707 3319 833 3401 publicis
861 3337 926 3380 sunt
957 3323 1078 3381 orationi
1100 3322 1218 3381 decor.
1241 3322 1290 3380 in-

340 3407 436 3481 sertis,
468 3405 550 3464 fictos
572 3404 715 3466 iudicavit.
759 3408 858 3488 Atque
881 3429 917 3468 ne
938 3409 984 3467 hic
997 3409 1228 3490 ¹nltrttprintum
1249 3407 1288 3466 il-

338 3491 392 3553 lud
414 3491 561 3552 decretum
583 3513 704 3592 evagep,
732 3494 762 3551 in
791 3499 826 3553 eo
850 3493 935 3576 quod
957 3493 993 3552 de
1016 3495 1115 3576 legatis
1137 3496 1173 3553 ab
1196 3497 1288 3557 inter·

338 3579 469 3661 polatore
491 3577 594 3638 additis
616 3579 737 3638 coniecit
750 3578 932 3680 Spepgelius,
954 3583 1019 3649 satis
1040 3583 1109 3640 mihi
1129 3582 1286 3642 refutatum
1332 3602 1337 3616 ·

336 3665 491 3725 ι]ι]ιιιιιι”
473 3685 516 3739 ns,
538 3685 613 3746 quae
635 3683 721 3746 snpra
744 3669 849 3725 monita
870 3683 952 3740 sunt;
975 3666 1059 3748 ιιιιοι]
1080 3668 1117 3727 de
1128 3669 1286 3729 Hecatom

335 3753 447 3812 bacone
469 3751 587 3824 ultimo,
610 3773 645 3810 ex
666 3753 705 3833 τῇ
732 3746 840 3836 πρώτη
867 3747 1008 3838 ἐκκλησία
1018 3751 1122 3858 ua'to,
1148 3757 1210 3837 ipsa
1231 3756 1285 3815 hac
1309 3773 1322 3812 ι

334 3831 443 3922 πρώτῃ
465 3795 588 3933 ἐκκλησ]
585 3857 615 3921 ρ,
641 3841 753 3920 quippe
776 3839 858 3921 quod
879 3861 937 3900 non
951 3837 1033 3899 ἐκ
995 3860 1034 3922 τῃ
1055 3860 1163 3922 πρώτη
1174 3840 1284 3920 ἐκκλη

333 3921 397 4025 σίριξ
422 3926 484 4000 nec,
506 3897 600 4026 quod
610 3926 715 3984 mavult
741 3925 888 4007 Spengel,
908 3924 1094 4010 προτεραίᾳ,
1124 3950 1180 4010 pax
1202 3951 1283 3988 com-

334 4013 427 4092 posita
449 4012 493 4086 sit,
515 4004 600 4070 sed'
589 4029 621 4070 εν
641 4011 680 4092 τῇ
708 4008 878 4097 δευτεραίρι,
904 4014 951 4072 Ol.
975 4013 1081 4090 CVlll,
1105 4035 1120 4073 a
1153 4015 1283 4096 Elaphe-

331 4097 394 4160 bol.
416 4095 507 4168 X1X3
540 4096 618 4158 unde
646 4098 764 4204 mammo
791 4099 884 4182 liquet
914 4097 1061 4162 decretum
1083 4101 1138 4161 hoo
1157 4123 1280 4182 prorsus
