2750 4772
534 276 691 386 Q·

348 402 355 428 Ι

92 452 151 541 τὴν
171 451 277 536 μάχην
294 447 416 528 sisic
437 447 456 518 ὅ
478 453 578 536 δῆμος
599 447 759 529 siccisne}
782 446 926 537 ἑωρακὼς
952 447 1054 518 Ιπάντα
1076 451 1146 522 ὅσον

93 555 248 640 άπραττον
267 553 335 640 ἐμά,
360 557 400 622 ἐν
422 555 558 631 αυτοῖς
579 564 665 632 τοῖς
687 556 841 630 δεινοῖς
861 554 923 620 καὶ
946 559 1135 641 φοβεροῖς

93 657 322 745 ἐμβεβηκὼς
348 697 393 712 -·
423 665 548 746 πρῶτον
581 659 639 740 μὲν
665 659 734 745 περὶ
761 660 917 745 σωτηρίας
941 664 999 742 τῆς
1018 657 1137 736 πόλεως
1172 677 1173 686 ’

93 761 317 849 βουλευόμενος
345 761 404 840 τάς
435 763 512 846 ἐμὰς
531 761 656 848 η’νώμας
670 761 875 848 ίχειροτόνειφ
890 763 940 828 καὶ
962 760 1056 828 πάνθ’
1075 761 1136 844 ίίσηι

78 875 152 953 Ιτῆς
179 872 321 955 φυλακῆς
350 866 421 934 ἕνεκ’
454 864 637 954 ἐπράττετο,
669 861 690 950 ἧ
716 864 857 944 διάταξις
889 871 953 932 τῶν
980 865 1135 953 φυλάκων,

95 957 333 1062 αἳτοίφροι,
369 969 415 1036 τά
443 973 499 1046 εἲς
530 969 576 1036 τά
611 970 721 1054 τείχη
753 967 938 1056 χρήματα
981 970 1033 1036 tat
1073 979 1136 1039 τῶν

95 1080 180 1161 ἐμῶν
208 1072 423 1161 ψηφισμάτων
448 1076 595 1160 ἐγίγνετο·
624 1072 722 1140 ἔθεσθ’
748 1072 930 1160 αἱρούμενος
951 1073 1083 1161 σιτώνην
1105 1079 1139 1142 ἐκ

95 1179 224 1247 πάντων
251 1179 305 1261 ἐμὲ
326 1177 555 1264 ἐχειροτόνησεν
584 1174 601 1242 ὃ
630 1167 745 1261 δῆμος·
779 1199 827 1242 or.
850 1177 893 1242 de
916 1202 983 1248 cor.
1005 1205 1039 1270 p.
1063 1181 1137 1268 309.

96 1285 137 1350 In
149 1285 200 1348 his
215 1279 465 1362 animadvertas,
488 1281 747 1348 Demosthenem
764 1280 891 1346 dicere:
920 1285 953 1348 ἐκ
972 1289 1035 1349 τῶν
1056 1287 1139 1368 ἐμῶν

95 1387 311 1475 ψηφισμάτων
338 1423 382 1438 ·-
424 1385 458 1451 ni
474 1384 601 1473 τάφροι
636 1387 808 1472 ἐγίγνοντο,
845 1385 885 1454 τά
913 1389 956 1464 είς
984 1387 1024 1453 τά
1050 1391 1137 1474 τείχη

93 1490 288 1579 χρήματα.
334 1488 511 1564 Curmon:
543 1488 584 1555 τά
605 1515 638 1559 τε
661 1493 704 1570 εἷς
724 1487 782 1566 τάς
802 1488 942 1578 τάφρους
962 1494 1012 1556 καὶ
1034 1495 1077 1570 είς
1097 1492 1137 1560 τά

98 1599 182 1681 τείχη
201 1592 377 1681 χρήματαί
399 1592 538 1660 Scilicet
559 1594 704 1684 propriis
717 1593 957 1660 Demosthenes
978 1596 1139 1686 impensis

99 1699 199 1767 fossas
223 1696 390 1794 ducendas
413 1699 555 1777 curavit,
577 1696 714 1790 publica
733 1699 878 1787 pecunia
901 1701 937 1764 in
958 1723 1071 1764 muros
1085 1724 1140 1764 re·
1204 1786 1215 1798 N

99 1801 260 1870 ficiendos
278 1819 473 1894 consumpta
496 1817 553 1867 est
598 1802 780 1868 Decretum
803 1819 851 1866 est
865 1820 995 1868 auctore
1013 1803 1139 1870 Demo-

99 1908 231 1986 sthene,
263 1923 301 1972 ut
321 1907 411 1972 muri
432 1905 670 1987 reficerentur,
704 1906 796 1996 iique
824 1903 918 1972 fossis
948 1907 1141 1977 etiemoiu-

100 2010 347 2079 cumd'arentur.
391 2010 651 2077 Destinatnvero
668 2012 764 2102 operi
787 2034 827 2076 ex
850 2011 974 2078 aerario
996 2013 1141 2102 pecunia

99 2116 235 2184 nonnisi
257 2113 299 2180 ad
320 2137 434 2180 muros
455 2113 655 2180 reficiendos
677 2113 878 2194 sufficiehat,
902 2113 995 2180 fossis
1016 2112 1155 2180 ducem·

102 2221 153 2286 dis
176 2218 417 2300 Demosthenes
440 2219 502 2284 tria
524 2216 645 2284 talenta
667 2217 802 2310 largitus
834 2237 891 2284 est.
936 2217 1007 2284 Hoc
1030 2217 1142 2286 dicere

101 2323 231 2393 volebat
245 2323 495 2403 Demosthenes,
518 2322 575 2388 sed
593 2325 690 2388 tacite
714 2325 883 2414 expressit,
908 2321 999 2414 quod
1020 2323 1141 2390 clarius

102 2427 214 2494 dicere
227 2427 355 2494 vetabat
368 2426 545 2494 modestia:
560 2451 614 2490 me
629 2421 923 2493 auctore'decretae
937 2443 1014 2491 suut
1026 2427 1140 2506 fossae,
1171 2431 1174 2442 ¹

102 2531 265 2598 destinate
293 2532 392 2596 etiam
420 2533 525 2606 muris
551 2521 745 2596 reficiendis
777 2532 928 2622 pecunia.
975 2528 1075 2612 Quod
1096 2531 1142 2596 ita

102 2635 227 2716 fuisse,
245 2653 278 2703 et
300 2635 560 2702 Demosthenem
582 2635 728 2726 propriis
751 2635 911 2725 impensis
934 2633 1025 2700 fossis
1051 2657 1143 2702 moe·

103 2741 160 2808 nia
182 2737 419 2806 circumdando
441 2763 584 2819 curasse,
607 2737 742 2831 idque
733 2764 769 2804 ια
793 2738 964 2829 desperata
979 2755 1054 2828 post
1076 2738 1144 2804 cla

105 2843 183 2912 dem
212 2823 503 2936 Chaeronensem
510 2844 649 2910 civitatis
681 2841 892 2922 conditione,
924 2839 1015 2907 unde
1038 2841 1145 2912 Ctesi-

104 2949 269 3040 phonti
252 2971 395 3015 coronae
422 2949 459 3014 in
483 2971 558 3014 eum
582 2945 800 3015 conferendae
823 2971 899 3012 ansa
919 2945 1070 3035 praebita
1091 2948 1144 3027 sit,

97 3034 281 3120 'Aeschinis
302 3052 404 3126 verba
426 3071 540 3156 operte
562 3052 684 3118 docent
697 3051 789 3130 hoec,
813 3049 932 3139 quibus
946 3049 1146 3178 Ctesiphon-

107 3175 176 3224 tem
198 3155 399 3246 alloquitur·
444 3159 498 3222 εἰ
498 3184 555 3241 μεν
582 3156 642 3242 γάρ
668 3157 763 3284 λέχος
793 3153 869 3220 ὅθεν
889 3180 948 3282 την
968 3153 1068 3240 ἄρχην
1089 3160 1145 3224 τοῦ

107 3263 314 3392 ψηφίσματος
327 3247 532 3343 ἐποιήσω,“
513 3285 562 3326 οτι
584 3260 655 3336 τὰς
675 3259 850 3350 τάφρους
886 3258 955 3334 τὰς
986 3261 1077 3388 ηερι
1099 3285 1145 3325 τα

107 3368 218 3450 τείχη
247 3370 350 3440 καλῶς
378 3364 580 3453 ἐτάφρευσε,
590 3363 743 3447 θαυμάζω
774 3388 848 3429 σου.
887 3388 942 3429 του
969 3363 1030 3451 γάρ
1057 3363 1143 3430 τουτ’

109 3471 332 3554 ἐξεργασθῆναι
369 3474 488 3545 καλῶς·
511 3469 552 3535 τὸ
587 3473 801 3554 ηεηενῆθοι
837 3467 980 3533 τούτου
1018 3467 1146 3534 οίτιον

108 3575 203 3656 μείζω
224 3573 410 3658 κατηγορίαν
431 3572 550 3656 ἔχουσίν
572 3555 640 3660 γάρ
658 3567 1043 3659 περιχαρακώσαντα
1068 3569 1145 3654 χρὴ

109 3675 162 3742 τά
185 3679 293 3762 τείχη
323 3677 394 3742 οὐδὲ
420 3676 489 3753 τὰς
527 3679 726 3762 δημοσίας
753 3675 885 3762 ταφάς
917 3673 1146 3762 cutonem)
1188 3683 1191 3694 '

108 3889 422 3908 m

155 4007 372 4088 >nannum
393 4014 469 4072 h'ic
461 4035 490 4072 m
512 4013 675 4074 memoriam
697 4027 762 4072 sunt
784 4011 910 4092 Lycurgi
930 4009 1043 4086 verba,
1062 4031 1150 4114 supra

200 4097 293 4158 allata:
323 4092 389 4159 κατ’
415 4095 546 4170 ἐκείνους
583 4119 656 4169 τους
684 4092 857 4180 χρόνους
847 4117 876 4157 οι
907 4090 1152 4178 εετελιυτηκάτες
