2694 4784
472 297 630 408 ..¹23-

59 477 83 542 h.
101 499 125 542 a.
138 473 194 542 III.
213 494 240 538 ι.
283 468 356 538 Ilao
370 471 621 564 opportunitate
633 466 875 540 Demosthenes
889 467 1076 540 orationem
1208 468 1210 472 ’

58 580 152 646 hahuit
170 606 203 645 u.
225 581 283 661 τῆς
303 575 446 661 εἰρήνης,
479 597 545 665 que
569 574 663 666 pacis
694 572 874 640 servandae
906 577 1010 666 gratie
1038 592 1076 644 ut

58 707 161 750 norem
190 696 352 773 gererent·
365 676 527 771 Philippo
556 694 590 746 et
617 676 939 770 Amphictyonibus‚
969 679 1076 746 Athe·

59 789 167 854 nienses
199 783 388 854 cohortatus
418 800 484 865 est,
526 781 685 850 archonte
718 779 905 850 secundum
933 782 1075 876 Dionys.

61 890 113 956 Hal.
133 899 196 984 (ep.
219 887 263 956 ad
283 887 395 954 Amm.
433 909 461 954 c.
489 892 540 971 ιι)
567 884 709 968 Archia,
733 883 873 980 Olymp.
897 884 1021 969 CVIII,
1043 887 1076 954 3.

61 997 130 1062 Inter
154 994 277 1088 legatos
304 989 459 1084 Philippi
481 981 669 1084 Pythonem
696 1007 860 1058 memorat
880 987 1016 1085 Ulpian.
1039 991 1077 1058 in

61 1100 185 1166 Enarrat.
208 1095 252 1164 ed
273 1095 371 1162 Denn
395 1117 444 1164 or.
464 1121 499 1164 a.
521 1119 661 1184 nupuup.
690 1091 715 1162 l.
737 1117 767 1162 o.
798 1095 847 1188 (p.
874 1096 934 1166 ιι5
957 1092 1010 1162 ed
1033 1093 1076 1164 H.

60 1200 163 1287 uolt),
185 1216 219 1268 et
241 1223 347 1294 quum
369 1200 443 1293 ipse
464 1198 708 1269 Demosthenes
734 1199 773 1266 iu
802 1219 850 1266 or.
880 1225 914 1267 n.
936 1223 1077 1294 nopuup.

58 1303 74 1370 l.
91 1331 125 1387 u,
146 1303 240 1373 nullu
260 1304 419 1375 orationis
446 1301 489 1371 de
509 1327 609 1398 pace,
632 1326 734 1398 ςιιιιιι
755 1303 828 1396 ipse
849 1317 923 1390 tum
943 1327 1081 1398 perora·
1160 1337 1187 1370 es

58 1410 246 1490 eiuratione
273 1408 401 1491 habits,
430 1408 635 1480 Aeschinem
665 1406 774 1474 solum
808 1407 932 1476 civium
964 1406 1079 1503 legatis

57 1512 250 1605 suffragatum
272 1536 342 1580 esse
365 1509 468 1595 dicat,
499 1510 592 1581 idem
620 1511 679 1580 hic
707 1511 772 1580 sibi
798 1513 996 1581 ementitum
1019 1537 1080 1608 op·

57 1617 214 1708 probs-ium
241 1618 422 1712 sumpsisse
446 1633 562 1710 posset
586 1615 704 1684 videri.
757 1613 829 1686 Sed
854 1639 908 1686 res
936 1639 1006 1686 non
1034 1620 1082 1686 ita

57 1721 205 1813 explorate
227 1715 295 1804 est,
323 1739 363 1790 nt
389 1724 427 1788 in
449 1744 488 1788 es
512 1719 581 1787 iam
601 1720 841 1813 conquiescere
861 1724 1036 1814 possi-us.
1103 1775 1106 1786 .

128 1827 244 1920 Itaque
265 1827 364 1894 tertia
384 1824 537 1920 Philippi
565 1821 609 1891 ad
629 1823 851 1892 Athenienses
882 1821 1005 1918 legatio
1027 1849 1083 1893 ac·

58 1927 157 1998 cidisse
180 1929 324 2025 Olymp.
341 1929 420 1998 CIX
437 1923 471 1997 a.
498 1953 509 1996 t
537 1926 679 1996 videtur.
725 1929 819 2014 Quae
842 1931 990 2022 (Ῑιιιιιιιιὶε
1012 1929 1082 1998 cla-

58 2035 92 2100 ris
111 2034 248 2128 quidem
269 2035 379 2104 verbis
400 2057 566 2126 nusquam
593 2035 809 2116 memoretur,
832 2032 1082 2118 insunt-tamen

36 2136 86 2203 *in
104 2141 304 2209 orationihus
332 2139 450 2211 eodem
479 2155 631 2230 tempore
658 2137 780 2206 habitis
810 2161 873 2205 nec
897 2140 999 2232 pauci
1020 2163 1084 2208 nec

61 2244 188 2339 ambigui
214 2243 298 2327 loci,
321 2246 443 2338 quihus
463 2243 546 2313 hoec
567 2258 680 2312 nostra
694 2243 811 2338 opinio
825 2244 977 2338 apprime
993 2268 1086 2313 com·

60 2351 174 2435 probari
197 2366 316 2442 potest.
360 2348 581 2418 Athenienses
607 2347 699 2414 enim
719 2347 779 2412 ubi
800 2371 885 2440 paee
906 2348 990 2416 sacta
1012 2341 1100 2416 tanss'

63 2466 156 2543 tepere
186 2481 206 2520 a
236 2453 392 2548 Philippo
424 2450 579 2542 deceptos
606 2473 642 2516 se
671 2449 924 2532 intellexissent,
951 2475 1087 2522 omnem
1183 2469 1189 2544 j

66 2549 168 2624 dabant
191 2581 347 2650 operam,
376 2573 414 2624 nt
442 2579 527 2649 quae
547 2551 637 2622 mala
657 2551 775 2621 fraude
796 2555 862 2623 sibi
884 2575 993 2627 essent
1013 2581 1091 2626 sur·

61 2677 147 2752 repta,
169 2676 416 2753 recuperarent,
432 2658 496 2740 vel,
513 2660 542 2726 si
557 2657 595 2727 id
609 2659 722 2725 minus
738 2675 885 2751 possent,
906 2657 1004 2729 latius
1016 2687 1089 2730 ser-

61 2783 183 2852 pentem
202 2752 369 2858 ,Philippi
396 2767 581 2859 potentiam
617 2780 650 2830 et
680 2765 909 2832 auctoritatem
937 2768 1089 2836 contine-

59 2887 128 2936 rent
173 2867 304 2939 Eodem
315 2871 389 2962 ipso
403 2887 554 2963 tempore
566 2865 743 2961 Philippus
757 2867 983 2962 Peloponnesi
1005 2895 1090 2965 quo·

61 2994 114 3061 que
133 2975 365 3067 principatum
386 2974 573 3067 appetebat.
617 2969 674 3039 Ad
700 2972 765 3040 hoc
791 2971 882 3040 bella
903 2976 1036 3068 Argivis
1057 2992 1091 3042 et

61 3075 224 3146 Messeniis
248 3077 290 3145 ob
313 3092 405 3146 retus
428 3076 544 3145 odium
565 3071 978 3160 aLecednemoniisillatn
999 3101 1092 3148 com·

60 3181 182 3250 modain
201 3184 233 3250 ei
255 3183 541 3273 opportunitatem
561 3180 786 3276 praebebant.
819 3182 862 3249 V.
885 3205 959 3276 cap.
980 3183 1015 3250 h.
1037 3207 1091 3250 nr.

62 3288 85 3350 t.
136 3286 208 3358 Illis
244 3285 369 3353 auxilia
400 3284 570 3378 pollicitus
605 3285 802 3356 contrahere
834 3288 952 3380 copias
978 3286 1093 3358 media

61 3387 89 3458 iu
116 3390 239 3458 Gracia
270 3397 441 3480 coeperet,
470 3390 606 3456 iamiam
633 3390 670 3457 iu
698 3387 966 3484 Peloponnesum
995 3393 1094 3461 traie-
1184 3411 1185 3416 ’

61 3507 173 3577 esurus,
197 3511 235 3562 ut
247 3492 587 3572 Lacedaemoniorum
608 3492 798 3588 superbiam
812 3515 991 3566 coerceret.
1025 3499 1096 3564 De-

59 3598 168 3664 mosth.
193 3621 241 3666 or.
263 3595 348 3665 Phil.
373 3599 417 3680 11,
438 3625 473 3691 p.
495 3585 550 3682 68,Ι
570 3597 625 3690 69
644 3623 646 3632 ’
670 3597 743 3666 Hoc
765 3598 918 3695 Philippi
940 3625 1018 3668 cum
1031 3602 1095 3669 Pe-

62 3696 299 3792 loponnesiacis
329 3703 515 3770 civitatibus
544 3702 663 3770 foedus
689 3719 729 3770 ut
755 3702 960 3797 impedirent
990 3706 1098 3776 Athe-
1126 3705 1127 3708 ’

61 3805 199 3888 nienses,
218 3803 342 3898 legatos
355 3807 392 3873 in
407 3805 679 3900 Peloponnesum
688 3809 861 3877 miserunt
907 3805 1000 3876 Inter
1013 3833 1098 3903 quos

62 3903 297 3978 Demosthenes
327 3913 468 4001 graviter
489 3913 527 3977 in
550 3934 623 3992 eos,
655 3913 714 4004 qui
743 3913 896 4005 Philippi
926 3931 1040 4006 partes
1060 3917 1099 3984 iu

61 4009 286 4104 Peloponneso
307 4014 474 4096 foverent,
503 4016 672 4085 invectum
699 4040 734 4083 se
765 4013 976 4086 admonuisse
997 4019 1099 4113 Argi·

63 4135 111 4182 vos
133 4119 387 4213 Messeniosque
408 4110 636 4192 fraudulentae
658 4120 812 4219 Philippi
831 4122 1098 4213 machinationis,
1173 4123 1177 4137 ¹
