2750 4772
80 483 115 534 et
134 469 174 540 ab
197 487 269 534 eam
289 465 397 557 ipsam
418 465 581 534 nimirum
603 483 755 548 oausam,
777 482 977 558 qnnmnon
1000 467 1114 541 adver-

83 595 133 638 sus
154 569 370 640 Athenienses
391 566 478 636 solos
496 591 615 637 rernm
637 570 740 638 etiam'
759 569 912 648 adversus
935 563 1114 642 Thebanos

77 673 269 744 bellandum
297 672 361 739 sibi
390 670 463 740 fore
491 688 671 754 metueret,
702 675 845 746 traiectis
878 661 1114 770 Thermopylis

82 778 164 846 inter
177 779 309 869 primas
332 799 408 844 cum
430 776 689 850 Atheniensibus
714 776 865 848 inducias
894 799 1030 849 omnem
1059 804 1115 851 ex·
1157 797 1163 808 '

83 881 217 949 ercitum
247 889 463 973 congregaret
498 883 544 967 (v.
582 880 705 958 decret.
733 880 858 964 ¹Athen.
897 881 940 947 ΙΙ.
978 907 1012 975 p.
1049 885 1112 958 282

83 990 190 1068 extr.)..
220 983 429 1052 imminentis
452 1005 530 1061 vero
558 985 604 1052 ita
636 984 821 1075 gravissimi
849 984 993 1074 periculi
1017 999 1113 1064 metu

82 1089 233 1171 Thebani,
256 1090 357 1156 satius
378 1089 416 1154 in
442 1089 630 1180 praesentia
651 1088 728 1168 ratis
748 1088 777 1154 si
805 1110 935 1156 moram
951 1089 1112 1174 facerent,

77 1191 231 1284 Philippo
254 1193 520 1285 brevittempore
534 1203 619 1262 ,ante
641 1207 786 1284 captane¹
799 1189 959 1275 Elatsam,
980 1212 1159 1286 paratos¹
1275 1275 1278 1284 ,

79 1307 110 1364 se
130 1295 172 1362 ad
193 1319 312 1387 pacem
333 1312 367 1363 et
397 1286 611 1370 concordiam
633 1289 871 1374 observandam
902 1319 972 1362 esse
1006 1315 1040 1365 et
1069 1298 1112 1364 de

77 1399 173 1466 rebus
200 1399 430 1493 praesentibus
454 1399 578 1468 melius
601 1401 744 1492 coginre
771 1397 868 1481 velle,
891 1395 1110 1482 dedicarunt.
1222 1479 1224 1484 ἲ

75 1503 162 1578 Haeo
184 1505 299 1573 omnia
321 1501 419 1570 docet
449 1503 603 1596 Philippi
630 1502 674 1572 ad
700 1503 886 1584 Thebanos¹
903 1527 1111 1595 responsum,

77 1605 164 1700 quod
187 1625 288 1684 exstat
320 1609 357 1674 in
379 1606 494 1675 crude
520 1627 602 1684 cor„
617 1630 652 1698 p.
681 1607 743 1676 283
772 1630 822 1698 sq.
830 1655 841 1689 ,
871 1625 904 1674 et
926 1606 1043 1676 datum
1063 1627 1112 1684 est

72 1735 194 1788 mense,
206 1711 428 1802 Thargelione
440 1711 517 1778 ·01.·
532 1711 605 1791 CX,
628 1733 660 1791 n,
681 1709 827 1780 ut-inlra
840 1713 1110 1794 monstrabimus.

74 1815 200 1906 Hisque
223 1815 463 1890 Thebanortun
492 1813 640 1890 consiliis
668 1811 823 1883 audacior
846 1813 985 1884 'tandem
1005 1814 1125 1898 faetus

74 1903 251 2015 Philippus
267 1920 424 2012 propius
456 1920 523 1992 inu
558 1921 604 1987 in.
637 1918 813 1990 Graeciam
843 1920 961 1996 mouit
982 1916 1112 1988 Elatea·
1176 1918 1190 1950 '³'

76 2047 139 2115 que
164 2025 302 2116 potitus
318 2042 376 2092 est
430 2024 506 2108 Qun
535 2023 621 2093 lactc
650 2023 869 2092 Athenienses
899 2025 967 2090 iam
996 2045 1110 2093 omncs

74 2129 228 2218 pristinas
270 2127 452 2196 simultates
481 2127 669 2221 'deposuere
704 2127 748 2216 (v.
781 2124 903 2196 decret.
938 2127 1109 2202 Demosth.

74 2232 110 2298 in
138 2257 187 2300 or.
223 2231 265 2304 de
299 2255 367 2301 cor.
395 2256 430 2324 p.
468 2236 575 2323 ιδῃ),
623 2231 843 2324 Thebanique
877 2231 1111 2300 Demosthenis

74 2334 279 2429 eloquentia,
297 2338 481 2404 exsuscitati
516 2335 659 2408 mutatis,
680 2337 747 2407 iarn
786 2333 932 2403 consiliis
967 2334 1111 2407 oblatam

74 2440 135 2508 sihi
158 2442 200 2508 ab
222 2439 482 2506 Atheniensibus
511 2439 698 2508 societatem
726 2439 896 2530 arripuere
926 2437 1037 2528 (Dent.
1066 2437 1109 2515 de
1219 2477 1220 2480 =

74 2567 139 2612 cor.
161 2571 196 2638 p.
222 2547 286 2624 278
308 2561 341 2611 et
363 2547 425 2634 298
447 2550 544 2636 sqq.).
1082 2537 1084 2544 ’

159 2649 254 2732 Quae
277 2673 382 2738 quum
403 2649 449 2718 ita
470 2649 546 2729 sint,
570 2644 744 2739 epistolam
764 2647 808 2714 ad
829 2645 1110 2740 sociosPelopon-

74 2755 235 2820 nesiacos'
261 2753 398 2822 omnino
435 2775 548 2820 mense
579 2754 658 2834 iam
692 2753 935 2845 Metagitnione
972 2751 1109 2844 Olymp

75 2855 149 2938 CX,
170 2881 190 2932 n
214 2856 382 2946 scripsisse
402 2855 579 2950 Philippus
600 2872 721 2950 potest,
745 2874 779 2923 et
800 2875 1004 2948 quamquam
1024 2879 1112 2923 non-

71 2958 154 3030 ,dnm
179 2960 357 3030 Graeciam
378 2960 560 3050 ingressus,
592 2982 629 3025 ea
651 2977 764 3026 tamen
791 2960 858 3030 iam
880 2977 952 3028 tum
970 2959 1110 3036 simula?

73 3065 185 3146 tione,‚
211 3088 249 3130 ae
277 3064 305 3129 si
333 3085 403 3130 non
430 3062 584 3130 adversus
619 3061 797 3130 Thebanos
831 3079 872 3130 et
890 3061 1109 3132 Athenienses

74 3193 169 3260 agere
192 3169 398 3244 instituisset,
422 3168 550 3260 quippe
573 3166 741 3248 Thebanis
775 3167 842 3234 iam
871 3183 943 3238 tum
965 3165 1109 3248 consiliis

75 3272 143 3338 eius
173 3289 253 3340 non'
275 3268 534 3364 adspirantibus,
562 3267 605 3347 ὥς
633 3269 691 3354 οὐχ
717 3267 874 3356 ὑπήκουον
887 3270 932 3336 ’oi
962 3271 1107 3355 Θηβαῒρι,

76 3390 112 3439 ut
134 3377 179 3442 ait
212 3373 452 3451 Demosthenes
483 3373 524 3444 de
555 3397 622 3440 cor.
655 3399 690 3466 p.
714 3397 794 3464 279,
827 3375 887 3463 qui
915 3374 943 3442 si
964 3375 1036 3466 ipse
1057 3374 1109 3440 his

74 3479 181 3546 verbis
214 3497 343 3568 tempus
373 3478 521 3558 Elateam
553 3493 683 3570 captam
713 3476 895 3570 insequens
921 3477 1109 3568 significare
1219 3519 1220 3526 κ

73 3580 240 3662 voluisset,
265 3579 311 3653 de
341 3579 504 3650 industria
532 3583 642 3675 potius
664 3585 703 3648 ab
733 3581 819 3648 iusto
850 3605 965 3650 rerum
990 3580 1109 3651 ordint
1200 3585 1210 3681 ἰ

75 3685 227 3775 paullum
249 3676 439 3768 declinasse
453 3685 623 3778 dicendus
646 3701 744 3767 esset,
774 3707 842 3776 quo
871 3685 1032 3752 maiorem
1052 3681 1110 3748 ad·
1175 3756 1177 3764 ,

73 3789 399 3871 νενεατίοροηῦαῐοι
419 3790 588 3858 invidiam.
960 3809 963 3821 ·

73 3965 79 3972 ,
158 3890 220 3960 His
260 3893 363 3984 igitur
395 3892 657 3964 evidentissime.
680 3889 717 3958 id
749 3908 838 3960 certe
872 3888 1110 3959 demonstrasse

73 3995 158 4063 mihi
192 3996 324 4078 videor,
369 3998 544 4090 epistolam
575 3987 727 4087 Philippi
760 4018 824 4063 nec
858 4010 935 4086 post
979 4011 1110 4086 captam

74 4098 225 4170 Elateant
245 4103 404 4194 scriptam
425 4126 510 4170 essse
530 4123 639 4193 posse,
662 4122 726 4166 nec
747 4119 863 4166 mense
885 4094 1020 4166 demum
1036 4091 1113 4166 sct-

741 4197 864 4298 es·
