2740 4774
525 208 683 322 Q

84 387 185 470 CIX,
207 387 245 472 4,·
263 405 428 478 eponymo
441 385 668 468 Nicomacho,-
688 369 863 453 referenda
886 379 1044 468 videatur,
1066 377 1126 454 le

84 496 173 559 ciam
195 509 305 558 tamen
335 515 375 555 ex
405 491 469 558 hoo
498 507 615 556 natum
638 489 789 557 iudicare
811 515 881 559 non
905 492 1043 558 omnino
1065 516 1126 557 nea
1198 537 1200 542 -

84 609 175 662 cesse
201 597 253 661 sit.
307 593 533 661 Nihilominus
560 593 676 660 Niciae
712 595 812 662 huius
853 595 938 661 ratio
969 593 1128 682 abhorret

84 726 105 766 a
125 695 262 790 reliquis
285 695 578 791 pseudeponymis,
601 700 661 790 qui
674 699 763 798 'actis
785 716 914 764 senatus
929 697 1125 792 populique,
1144 783 1147 790 Ι

84 803 229 870 orationi
251 801 383 868 decor.
407 802 549 883 insertis,
570 802 767 894 praescripti
798 819 884 868 sunt.
933 801 1012 891 Non
1034 805 1127 872 enim

84 907 193 974 verbis
215 906 263 972 ἐπὶ
286 908 396 972 Νικίου
419 903 554 970 additur
575 905 736 994 ἄρχοντας,
762 904 855 998 quod
873 905 912 986 fit
933 907 970 970 iu
985 903 1126 998 reliquis

84 1011 251 1080 omnihus.
296 1006 396 1074 Unde
419 1008 602 1075 clarissime
623 1009 753 1101 liquet,
776 1027 922 1075 extrema
944 1011 1127 1078 testimonii

83 1115 200 1182 verba:
224 1103 316 1179 αὗται
338 1111 541 1199 ἀπεδόθησαν
562 1113 596 1178 αἳ
616 1116 785 1200 μαρτυρίαι
806 1115 855 1180 lnl
876 1108 1004 1194 Νικίαν,
1034 1112 1128 1181 ‘Eam

84 1224 282 1304 τομβαιῶνος
301 1219 392 1306 τρίτῃ
414 1216 580 1301 ἶσταμένσα
608 1240 680 1283 non
710 1241 729 1282 a
757 1217 940 1284 recentiori
972 1215 1032 1286 illo
1053 1222 1127 1288 viro

85 1322 204 1404 docto,¹
220 1321 275 1388 cui
299 1317 509 1412 decretorum
532 1319 675 1390 orationi
698 1317 740 1386 de
763 1345 830 1389 cor.
852 1323 1056 1389 insertorum
1069 1320 1128 1402 dea
1164 1367 1166 1374 ·

83 1433 183 1494 betur
204 1423 368 1506 collectio,
390 1423 502 1491 addita
524 1418 611 1506 esse,
640 1423 699 1516 sed
721 1425 858 1517 abipso
880 1427 988 1514 scriba
1009 1450 1128 1493 seeun-¹

88 1531 170 1597 dum
190 1530 407 1622 prytaniam,
426 1529 485 1620 qui
512 1553 550 1594 ea
578 1528 659 1596 huie
686 1549 905 1598 monumento
924 1532 1005 1622 ‘ipse
1032 1529 1128 1601 eddi-⁸

89 1633 193 1716 derit,
207 1633 300 1726 quod
321 1657 391 1700 non
410 1631 456 1698 ad
478 1649 547 1698 acta
569 1651 700 1700 senatus
722 1633 909 1728 populique
930 1635 1127 1726 pertineret,-

86 1763 172 1832 quae
201 1737 360 1832 disposita
391 1738 429 1805 in
465 1733 627 1806 tabulario
668 1738 854 1806 secundum
890 1738 1064 1806 archontes
1095 1758 1129 1809 et

83 1845 258 1936 prytanias
279 1841 378 1908 fuisse
400 1839 589 1930 statuimus,
622 1839 681 1917 sed
709 1840 871 1936 singulari
904 1841 995 1908 haud
1008 1931 1010 1936 ρ
1025 1841 1158 1930 dubie,

84 1946 199 2016 loculo
229 1944 466 2038 reponendum
500 1943 593 2010 esset.
647 1943 688 2010 Id
719 1944 813 2036 quod
838 1947 959 2039 utique
983 1964 1154 2033 statuen-¹

85 2051 168 2118 dum
191 2068 259 2132 est,
281 2041 353 2118 sive¹
371 2049 483 2116 Nicias
505 2072 602 2114 verus
631 2048 676 2114 sit
705 2049 815 2116 scriba
830 2049 1028 2118 secundum
1048 2078 1131 2146 prya

85 2157 221 2236 taniam,
244 2155 370 2222 sivein
394 2177 432 2220 co
456 2152 650 2221 archontem
672 2151 773 2220 latere
802 2152 893 2222 dicas
924 2179 1131 2249 cponymum

85 2259 338 2328 Nicomachum.
383 2258 502 2378 Neque
525 2260 616 2322 enim
632 2253 876 2325 Hecatomhaco
900 2259 961 2326 ille
973 2253 1022 2326 Ill
1040 2259 1131 2328 diem

85 2365 257 2456 designat,
287 2387 356 2456 quo
386 2364 549 2453 scriptum
571 2361 800 2429 testimonium
821 2364 878 2445 sit,
907 2361 966 2429 sed
982 2387 1058 2456 quo
1079 2383 1132 2433 se·t

85 2471 182 2536 natui
204 2467 373 2536 traditum.
419 2465 549 2549 Quodsi
580 2466 670 2531 enim
697 2488 751 2531 res
774 2463 873 2532 aliter
900 2465 1030 2550 suisset,
1059 2487 1131 2538 non

86 2573 306 2660 ἀπεδόθησαν
346 2555 529 2664 legeretur,
564 2568 623 2636 scd
659 2569 819 2654 ἐδόθησαν
850 2588 907 2637 aut
940 2553 1130 2662 ίγρόφησανι

85 2679 159 2744 Iam
176 2701 255 2746 vero
277 2701 305 2743 s1
295 2675 427 2742 Nicias
449 2673 557 2741 scriba
579 2675 621 2742 sit
635 2667 831 2740 secundum
842 2677 1046 2767 prytaniam‚
1070 2701 1144 2770 qm·

86 2781 198 2850 solum
218 2799 316 2848 suum
336 2803 462 2847 nomen
484 2775 684 2846 testimonio
691 2778 783 2844 'huic
805 2778 1055 2871 subscripserit,
1079 2807 1132 2848 aaa

30 2911 32 2917 ’
89 2886 220 2953 chontis
235 2908 282 2955 ea
302 2883 438 2952 sortasse
461 2880 502 2949 de
525 2906 622 2949 causa
650 2882 820 2963 omittens,
850 2882 947 2976 ,quod
976 2884 1040 2972 hoc
1070 2909 1153 2954 nm·

89 3007 193 3058 tatum
216 3007 285 3056 crat
306 2989 342 3053 in
364 2983 836 3069 summaloculorumfronte,
859 2989 897 3051 in
910 2987 1031 3079 quihus
1054 2991 1132 3057 unia

88 3117 182 3162 versa
203 3110 275 3160 acta
294 3089 490 3185 reponenda
511 3107 545 3159 et
557 3099 628 3182 ‘per
648 3090 834 3181 prytauias,
857 3088 917 3157 sed
937 3093 1130 3180 generatim,
1156 3129 1160 3135 =

178 3442 391 3488 senatumesse
413 3426 539 3488 delatum
560 3433 664 3510 posse,
678 3441 710 3486 ‘a
732 3441 793 3508 quo
822 3435 916 3487 tamen
938 3435 985 3490 les
1006 3440 1065 3490 non
1087 3425 1135 3490 di⁴

179 3537 235 3598 gna
256 3514 380 3576 iudicata
408 3515 459 3591 sit,
488 3529 521 3574 ut
542 3513 650 3574 iudicio
673 3513 849 3590 traderetur,
879 3517 965 3592 mihi,
988 3517 1040 3597 qui
1060 3516 1136 3577 illud

179 3603 293 3662 nonnisi
325 3623 360 3661 ex
389 3601 457 3660 actis
485 3599 667 3660 iudicialibus
674 3601 813 3686 petitum
834 3601 1009 3676 iudicabam,
1032 3602 1136 3664 melio*
1180 3635 1182 3638 ·

179 3710 242 3748 rem
264 3688 439 3771 quaestionis
461 3673 668 3788 explorandae
674 3688 817 3746 rationem
837 3687 985 3765 indicavit,
1007 3710 1065 3772 qua
1087 3711 1137 3750 ac»

181 3791 279 3835 curate
300 3796 388 3856 supra
415 3775 566 3856 proposita
594 3772 802 3833 saileRCllll'Uffl
829 3797 875 3834 me
904 3796 966 3834 0880
988 3774 1136 3837 Boeclthio
1164 3831 1169 3838 .
1236 3783 1240 3790 ¹
1298 3805 1302 3814 '

119 3879 122 3884 ·
181 3874 285 3943 spero,
312 3861 434 3942 roganti,
457 3875 490 3920 ut
511 3877 590 3920 suam
617 3859 693 3919 illam
721 3863 887 3922 sententiam
915 3863 1136 3943 pronunciarem'
1195 3863 1199 3870 ¹

182 3947 220 4008 ad
241 3970 275 4008 ea
297 3968 372 4032 quae
396 3949 424 4006 in
448 3943 724 4008 Commentatione'
724 3967 774 4027 sua
797 3946 835 4007 de
857 3949 940 4009 Nicia
961 3947 1137 4032 pseudepoa

181 4057 267 4118 aymo
289 4036 418 4096 statuerit
440 4029 631 4096 defendenda
1171 4034 1176 4042 ’
1229 4037 1232 4044 “

763 4133 807 4202 2³
