2740 4774
607 224 783 342 a00

672 362 829 378 ”uu-

230 443 442 536 Megarenses
477 442 588 509 hostes
625 443 727 510 etiam
764 457 837 510 tum
872 441 1131 514 Atheniensium
1166 461 1268 524 erant,

229 566 287 616 aut
308 563 398 629 certe
418 545 462 614 ad
482 545 619 614 hostilia
645 549 750 640 magis
779 571 881 638 quam
908 545 951 614 ad
980 548 1163 616 amicitiam
1190 572 1271 639 pro-

226 642 347 734 clives,
374 653 472 719 sicuti
498 651 656 718 Thebani
686 668 721 718 et
747 649 976 732 Euhoeenses,
1012 677 1119 744 quum
1146 651 1271 719 Demo-

228 757 362 834 sthenes
394 755 439 822 ad
465 757 517 820 rei
538 754 696 846 publicae
725 753 1049 824 administrationem
1069 754 1270 848 adspirahat,

228 860 417 929 secundum
441 882 491 927 or.
518 859 562 926 de
593 883 660 927 eor.
690 885 725 950 p,
749 861 829 940 306,
859 859 924 926 hoc
951 877 1000 926 cst
1029 859 1085 926 Ol.
1115 860 1193 927 CVI
1215 861 1272 926 in-

229 984 345 1046 eunte,
373 989 442 1058 quo
468 981 620 1058 tempere
646 961 778 1029 bellum
811 982 975 1030 exemerat
1001 987 1080 1031 cum
1108 961 1269 1056 Philippo

228 1069 561 1162 Amphipolitanum,
594 1067 859 1160 certandumque
884 1085 1058 1159 praeterea
1093 1083 1163 1134 erat
1194 1092 1272 1135 cum

230 1173 384 1266 Olyntho
410 1176 455 1260 (v.
487 1197 512 1239 s.
542 1197 570 1240 c
594 1173 644 1252 ΙΙ,
678 1194 727 1239 10.
747 1197 783 1264 p.
806 1172 879 1255 66),
911 1174 1072 1240 acerrime
1092 1194 1170 1238 vero
1193 1192 1271 1262 cum
1302 1173 1304 1180 ’

230 1280 342 1358 Chiis,
371 1275 527 1358 Rhodiis,
555 1277 741 1369 Byzantiis,
769 1276 898 1360 iisdem,
927 1299 1011 1368 quos
1041 1275 1099 1341 Ol.
1122 1275 1217 1356 CVI,
1252 1297 1263 1339 1

228 1383 398 1464 imbrum,
420 1383 589 1475 Lemnum
610 1379 759 1472 aliasque
780 1379 1038 1447 Atheniensium
1064 1377 1190 1446 insulas
1213 1375 1271 1443 de-

197 1473 369 1556 'rastasse
396 1484 567 1552 Diodorus
603 1483 707 1552 refert
742 1485 858 1569 (XVI,
891 1488 959 1572 21).
1012 1483 1105 1569 Quid
1142 1481 1271 1549 multa?

227 1594 318 1658 Tum
340 1592 440 1658 etiam
460 1585 642 1656 verisimile
670 1605 720 1654 est
745 1589 971 1678 Megarenses,
999 1605 1152 1678 angusta·
1167 1587 1271 1653 Athe-

226 1719 350 1763 narum
371 1692 565 1762 couditione
586 1715 675 1774 usos,
698 1691 920 1772 Salaminem,
943 1692 1121 1784 pristinem
1142 1691 1270 1758 discor·-

194 1856 197 1864 ,
228 1798 304 1866 diae
330 1797 544 1890 invidiaeque
565 1797 749 1877 materiam,
768 1798 990 1889 impugnasse.
1036 1794 1135 1881 Quod
1162 1795 1190 1862 sl
1222 1797 1269 1862 ita

205 1915 293 1985 -est,
315 1904 398 1971 haec
427 1901 470 1969 de
500 1899 642 1968 decretis
672 1899 742 1966 illis
768 1899 951 1992 probabilis
979 1901 1143 1968 sententia
1170 1902 1269 1967 statui

225 2008 360 2098 poterit
497 2001 503 2016 ¹

318 2106 376 2176 01.
400 2108 489 2191 CVI,
517 2134 528 2176 ι
556 2109 791 2178 socialis'belli
813 2133 902 2178 anno
924 2105 1082 2191 seeundo,
1104 2109 1266 2202 Byzantii,

231 2213 310 2282 Chii
340 2231 375 2280 et
404 2211 528 2279 Rhodii
557 2214 709 2280 Imbrum
736 2231 769 2281 et
790 2217 956 2281 Lemnum
983 2214 1172 2295 devastant,
1207 2213 1267 2280 Sa-

227 2343 322 2386 mum
355 2315 553 2386 adorinntnr
574 2336 608 2386 et
637 2336 725 2385 terra
751 2321 906 2411 marique
926 2337 1137 2412 oppugnant,
1171 2317 1268 2384 alias·

228 2446 294 2516 que
319 2421 578 2490 ‘Atheniensium
608 2423 732 2490 insulas
763 2423 1022 2517 depopulantur.
1075 2419 1215 2488 Diodor.
1245 2421 1269 2485 l.

229 2551 258 2597 c.
305 2529 414 2610 Quam
436 2526 480 2593 ob
501 2527 814 2594 remAthenicnses
844 2527 886 2592 ad
917 2527 1020 2595 lmbri
1047 2524 1193 2607 insulae,
1215 2527 1268 2591 in·

227 2631 338 2724 deque
351 2631 492 2698 aliarum
512 2631 565 2696 his
586 2631 623 2695 in
644 2629 836 2723 regionibus
862 2633 1114 2722 possessionum
1133 2655 1266 2696 suarum

227 2734 412 2804 custodiam
433 2732 694 2816 Nausi'clem,
716 2725 806 2800 illius
834 2736 914 2800 anni
937 2733 1145 2803 ordinarium
1166 2733 1269 2825 pede-
1356 2715 1357 2736 Χ

229 2841 305 2907 stris
339 2839 500 2908 exercitus
530 2839 767 2930 imperatorem
804 2839 874 2928 (τὸν
895 2842 943 2906 ἐπὶ
964 2846 1029 2906 τῶν
1055 2839 1170 2922 ὅπλων)
1190 2841 1268 2905 mit·
1356 2891 1357 2928 ,

227 2961 304 3012 tunt
331 2967 409 3010 cum
436 2941 489 3008 bis
520 2941 615 3008 mille
641 2941 789 3033 hoplitis.
845 2941 953 3010 Simul
979 2966 1100 3009 novam
1130 2941 1267 3008 classem
1356 2931 1357 3024 l

228 3051 399 3115 instruunt
420 3038 562 3114 ducibus
578 3045 809 3140 'celeberrimis
833 3047 998 3137 Iphicrate
1021 3041 1266 3138 Timotheoquc
1356 3039 1357 3104 ἶ

143 3164 145 3170 ’
228 3155 288 3244 qui
325 3149 578 3250 Hellespontum
612 3153 769 3242 navigent
801 3169 834 3216 et
866 3175 943 3217 eum
973 3150 1129 3231 Charete,
1154 3175 1266 3242 ,penes
1356 3181 1357 3192 2

227 3260 329 3349 quem
360 3280 397 3321 ex
434 3255 601 3348 superiori
636 3277 723 3322 anno
761 3279 930 3322 summum
964 3253 1048 3321 belli
1084 3256 1266 3346 imperium
1356 3255 1357 3258 ’

226 3377 315 3441 erat,
347 3360 544 3451 Byzantium
578 3354 771 3425 adoriantur
804 3376 837 3424 et
872 3357 1065 3425 obsideant(
1113 3360 1263 3426 Exeunte

226 3487 325 3544 anno,
349 3487 455 3555 quum
475 3461 575 3536 Philo
599 3459 615 3528 ὃ
639 3464 687 3528 ἐπὶ
708 3468 765 3548 τῆς
792 3463 969 3545 διοικήσεως
993 3487 1267 3551 κεχειροτονη-

145 3603 153 3625 -·
225 3569 379 3654 μίνος*)
400 3583 542 3660 propter
562 3582 770 3662 tempestates
799 3567 946 3652 (fortasse
969 3567 1112 3649 Etesiae,
1135 3569 1265 3637 oriente

226 3761 538 3794 ιιι-ι--ιιι-ιὶ-υ

270 3899 297 3990 ’)
319 3902 426 3966 Addita
447 3925 521 3968 voce
541 3923 649 3988 κεχειρ.
680 3903 799 3968 indicari
826 3907 893 3967 mihi
914 3905 1029 3986 yidetur
1049 3919 1166 3989 praetor
1187 3924 1268 3963 aera-

314 3994 349 4051 rii
370 4013 472 4069 novus,
493 3994 667 4076 nuperrime,
688 3994 716 4052 h.
740 4015 768 4068 e,
788 4009 910 4054 exeunte
922 4016 994 4053 euno
1006 4008 1142 4054 creatus.¹
1171 3993 1267 4068 Quam

242 4083 245 4090 '
314 4079 354 4138 ob
375 4101 437 4140 rem
458 4079 541 4142 simul
563 4102 628 4144 cum
650 4080 771 4142 Philone
793 4081 842 4142 illo
873 4082 959 4142 creati
982 4083 1063 4142 etiam
1086 4080 1141 4140 sint
1163 4079 1266 4140 Chari-
