2750 4772
445 311 448 316 ·
542 319 700 437 aaa.

98 481 196 564 mum
216 479 506 562 Hecatombaeone
533 491 575 562 ad
602 489 687 562 lines
708 491 864 563 Boeotiae
891 495 970 576 esse-2
986 517 1145 592 progres·

97 613 183 684 sumt
205 596 365 667 conlectis
386 615 462 692 post
482 595 630 669 Elateam
652 615 782 690 captam
792 599 830 666 in
849 599 1140 693 Amphissensium

99 722 196 774 terra·
219 704 284 784 eis,
314 725 402 794 quac
425 725 529 797 supra
555 701 742 772 retulimus.
799 703 883 772 lude
909 702 1042 774 duobus
1068 708 1146 776 illis

97 805 239 902 proeliis
262 805 426 875 cohibitus
448 803 661 876 intervallum
681 805 799 876 fecisse
821 825 855 877 et
875 805 918 874 ed
932 809 1025 902 ipsos
1033 809 1145 882 Boeo-x

98 913 165 979 tiae
186 909 271 978 fines
292 911 476 980 substitisse
503 909 635 988 ridetur
661 935 768 1004 usque
796 910 845 979 ad·
862 913 1140 1006 Metagitnionem
1270 997 1275 1012 ἱ

98 1015 182 1099 VII,
210 1013 310 1082 illum
332 1013 440 1100 diem,
469 1017 547 1110 qui,
569 1033 608 1084 ut
629 1015 878 1106 lustinirerbis
899 1034 983 1101 utar,
1005 1023 1139 1090 unirer-

27 1174 32 1182 ,
99 1141 163 1188 sae·
173 1119 333 1190 Graeciae
355 1138 389 1189 ct
410 1119 557 1213 gloriam·
573 1119 810 1192 dominationis
832 1113 866 1188 'et
884 1123 1146 1194 vetustissimam·
1258 1187 1262 1194 .

99 1223 290 1293 libertatem
314 1223 444 1293 'finivit
493 1225 567 1314 Hoc
597 1223 777 1295 intervallo·
795 1245 897 1294 novas
910 1225 1061 1295 'fortasse
1082 1251 1140 1297 co-

99 1329 174 1425 pias
205 1328 382 1396 arcessivit.
431 1323 636 1420 Exspectatis
659 1331 750 1398 enim
770 1354 834 1422 per
849 1329 987 1423 aliquod
1008 1349 1140 1426 tempus
1161 1324 1166 1339 Χ

101 1435 201 1522 sociis¹
227 1431 490 1515 remanentibus,
519 1429 562 1500 ad
596 1432 832 1500 Chaeroneam.
863 1457 940 1502 eum
967 1439 1139 1506 accessisse

74 1527 273 1607 'Diodorus
294 1537 396 1606 refert
415 1536 517 1618 XVI,
550 1537 603 1605 85.
646 1535 693 1602 At
717 1537 800 1604 socii
826 1538 884 1605 isti
916 1542 977 1632 qui
1003 1539 1138 1626 luerint,
1181 1607 1186 1616 x

103 1639 172 1711 dici
200 1640 368 1709 difficilius
403 1657 521 1734 potest
572 1641 708 1708 Praeter
735 1639 928 1725 Thessalos,
961 1644 1138 1729 Aenianes,

101 1746 262 1839 Dolopes,
283 1745 465 1827 Phthiotas,
494 1743 532 1812 ex
554 1742 689 1812 Graecis
718 1743 854 1813 Aetolos
883 1768 961 1813 cum
981 1747 1138 1842 Philippo

60 1889 63 1904 a
102 1851 305 1920 consociatos
326 1850 395 1919 iam
415 1865 488 1917 tum
508 1847 747 1940 fuissejquum
767 1848 881 1916 Elatea
902 1843 1136 1944 occupabatur,

102 1977 145 2023 ex
172 1953 375 2024 Philochoro
408 1968 537 2022 constat
570 1977 622 2046 ap.
655 1952 796 2044 Dionys.
833 1952 875 2020 Η.
910 1953 934 2020 l.
963 1979 992 2021 c.
1020 1962 1050 2034 §.
1081 1981 1137 2026 rt.

102 2061 231 2150 Eorum
253 2060 344 2125 enim
364 2056 487 2150 legatos
508 2055 608 2124 simul
630 2079 709 2124 cum
728 2053 881 2148 Philippi
909 2056 1025 2149 legatis
1048 2061 1144 2128 The-¹

102 2163 163 2232 bas
184 2167 329 2245 venisse,
358 2160 575 2230 Philochorus
596 2160 707 2228 relect.
750 2159 1011 2254 Peloponnesios
1032 2190 1139 2258 quum
1199 2199 1201 2203 ·

105 2292 176 2338 non
198 2283 444 2354 commemoret,
467 2287 521 2336 eos
548 2283 619 2336 tum
645 2261 798 2338 noudum
826 2263 988 2366 Philippo
1006 2269 1141 2340 auxilia-

163 2605 167 2626 *
191 2583 266 2652 θὸν.
308 2587 358 2652 Ad
378 2591 448 2652 haec
468 2589 530 2652 sola
550 2587 700 2650 manifesto
715 2600 844 2673 spectant
864 2588 1014 2672 sequentia
1027 2590 1140 2654 Demo-

192 2677 298 2740 sthenis
318 2677 417 2758 verba,
438 2677 546 2762 quibus
566 2678 737 2739 Aeschinem
757 2677 849 2758 carpit
869 2675 888 2736 l.
911 2698 937 2738 c.
979 2677 1139 2740 Laudatutn

148 2809 150 2816 >
190 2779 253 2826 tum
281 2780 311 2826 et
336 2781 503 2828 coronatum
530 2783 562 2826 se
589 2764 658 2824 dicit
687 2762 728 2826 ob
755 2783 819 2822 ¹rena
846 2763 992 2847 publicam
1021 2769 1137 2850 egregie

190 2868 317 2940 gestam,
347 2853 468 2914 tacuisse
489 2852 668 2928 Aeschinem,
691 2852 744 2935 qui
764 2872 842 2911 nunc
869 2852 898 2912 in
920 2849 1039 2914 eandem
1060 2875 1139 2916 suam

69 2999 80 3020 Δ
190 2941 236 3000 rei
262 2939 397 3028 publicae
431 2938 700 2998 administrationem
731 2938 888 2998 invehatur.
945 2939 976 2998 si
1009 2947 1070 2999 tum
1108 2941 1138 3000 in

191 3027 302 3086 theatro
324 3028 408 3086 etiam
429 3039 581 3086 coronatus
603 3039 687 3101 esset,
708 3039 785 3086 certe
806 3023 839 3083 id
859 3046 979 3107 quoque
1000 3027 1046 3086 hic
1068 3047 1140 3088 eno·

115 3103 117 3107 ⁷
193 3111 310 3173 tandum
331 3134 389 3172 non
411 3110 623 3194 dereliquisset,
643 3126 676 3170 ut
697 3132 755 3170 non
778 3109 934 3192 dereliquit
951 3112 979 3169 in
992 3112 1140 3174 recitando

191 3200 347 3262 Aristonici
374 3197 505 3274 demeto,
543 3198 595 3260 ubi
620 3191 802 3277 γράψαντος
825 3191 1052 3278 Ἀριστονίκου,
1092 3201 1140 3278 ait,

191 3280 251 3357 τὰς
272 3278 370 3356 αὐτὰς
391 3277 558 3362 συλλαβάς,
582 3278 678 3366 ἅςττερ
700 3275 806 3346 οὑτοσὶ
820 3282 992 3365 Κτησιφῶν
1013 3285 1069 3348 νῦν
1088 3283 1142 3367 γέ-

192 3392 303 3456 γραφε,
338 3368 390 3438 καὶ
422 3365 714 3454 ἀναῤῥηθέντος
749 3367 788 3431 ἔν
821 3371 873 3454 τῷ
900 3364 1056 3460 θεάτρῳ
1084 3373 1141 3433 τοῦ

192 3478 246 3521 ors
272 3453 363 3536 άνον,
395 3452 460 3520 οὔτ’
486 3452 624 3519 ἀντεῖπεν
652 3452 806 3536 Αἲσχίνης
833 3450 958 3540 παρών,
989 3453 1060 3520 οὔτε
1086 3453 1143 3521 τὸν

193 3544 319 3608 duona
339 3540 516 3628 ἐγράψατον
538 3544 575 3604 de
597 3566 709 3628 cor.·p.
733 3546 806 3606 253.
827 3575 872 3588 -
897 3545 948 3606 Sin
969 3561 1064 3606 autem
1084 3547 1145 3606 uti-

193 3657 253 3716 que
276 3633 425 3696 contendis
446 3636 474 3692 in
498 3632 607 3691 theatro
620 3630 816 3692 coronandum
828 3632 1050 3693 Demosthenem
1070 3653 1144 3716 pro·

192 3723 326 3806 pos'uisse
353 3720 552 3781 Demomelcnr
584 3732 613 3777 et
642 3717 838 3800 Hyperidem,
866 3717 949 3802 quod
969 3720 1145 3780 Demosthe-

187 3829 245 3889 nes
268 3807 305 3868 de
328 3829 386 3868 cor.
408 3830 444 3889 p.
463 3811 523 3888 267
547 3825 812 3888 saepenumero
835 3825 865 3866 se
888 3819 1054 3866 coronatum
1074 3805 1144 3868 dicit

194 3909 260 3960 aute
287 3895 483 3978 Ctesiphontis
513 3894 675 3969 decretam,
703 3914 761 3952 non
789 3891 965 3969 reluctabor,
997 3891 1086 3958 modo
1107 3915 1144 3953 ne

193 3983 343 4065 Dionysiis
365 3980 414 4042 01.
437 3981 504 4058 CX,
528 4001 544 4041 a
570 3976 622 4040 sed
644 3979 834 4066 sequentibus
855 3979 1002 4060 Dionysiis
1025 3971 1144 4062 Olymp.

195 4069 267 4146 CX,
297 4071 326 4130 3.
355 4101 399 4114 -
426 4067 564 4132 Ceterum
593 4065 756 4174 cinctam
779 4069 808 4130 iu
829 4067 886 4155 {ine
907 4067 992 4130 huius
1013 4065 1146 4154 disputa·
1276 4107 1279 4114 ·

195 4158 280 4218 tionis
302 4156 468 4242 appositam.
