2706 4782
529 323 587 404 Xl'¹

28 515 120 568 rem.
170 475 278 563 Un'de
312 490 384 564 iam
416 481 509 562 hoc'
529 490 637 566 etiam
662 485 754 561 mihi
780 471 964 587 persuasi,
992 469 1088 560 ‹tuo'

30 615 92 688 illa
127 613 256 712 priora
290 607 441 684 decreta
474 609 559 684 loco
593 632 662 683 suo
698 624 799 682 mota
832 623 869 682 et
900 603 945 680 nd
981 605 1070 682 olias

28 761 91 811 res
120 757 214 808 esse·
229 721 372 834 aliaque
399 747 569 831 tempora
581 728 790 805 referenda.
843 733 891 802 At
913 733 980 804 Tu
999 753 1071 801 eo-

29 881 115 932 rum
139 853 313 945 alterum,
339 875 362 926 a
385 849 639 928 Demosthene
665 848 873 952 delegatis
899 850 947 924 ad
977 849 1072 923 Phi·
1107 948 1110 954 ι

30 978 179 1078 lippum
204 977 308 1076 pa'ols
335 972 609 1050 confirmandae
624 997 736 1049 causa
754 970 923 1048 creandis
944 970 1070 1060 latum,

32 1085 243 1197 ad·pacem
268 1093 436 1185 retulisti,
464 1105 580 1196 quam
602 1109 690 1195 post
706 1095 870 1196 Byzantii
897 1089 1072 1166 obsidio-

31 1243 118 1293 nem
148 1214 203 1290 Ol.
231 1221 353 1310 CX,'r
385 1218 480 1290 inter
511 1214 726 1317 Philippum
762 1233 798 1290 et
830 1211 1073 1314 Athenienses

37 1342 283 1438 compositam
328 1336 430 1412 solus
475 1336 612 1411 diserte
644 1336 835 1413 Diodorus
870 1334 1071 1427 contendit,

37 1487 150 1565 quem
178 1456 409 1561 ego'lapsum
420 1456 484 1532 hic
505 1460 710 1561 falsumque
725 1459 940 1551 existimavi,
966 1454 1072 1558 quod

39 1583 85 1661 dc
111 1605 206 1682 pace
233 1579 294 1654 illa
325 1580 431 1656 sileat
464 1581 682 1676 Aeschines,
714 1581 894 1679 silentque
927 1581 1073 1654 Demo-

42 1704 205 1796 sthenes,
238 1705 361 1802 iique,
395 1727 509 1802 quum
544 1701 593 1776 de
625 1701 740 1776 rebus
774 1701 952 1774 continuo
986 1714 1074 1798 post

44 1826 201 1922 Byzantii
243 1822 502 1896 liberationem
543 1826 657 1925 gestis
701 1821 956 1922 copiosissime
991 1819 1074 1892 dis·-
1179 1863 1182 1872 ι

40 1962 176 2038 serant,
211 1947 263 2019 ita
296 1946 423 2046 potius
464 1942 660 2036 disserant,
701 1967 744 2017 ac
778 1944 812 2015 si
844 1941 985 2015 bellum
1020 1941 1075 2014 Ol·

39 2071 112 2159 CX,
144 2092 160 2140 t
190 2069 239 2140 in.
265 2059 336 2166 pei·
361 2068 528 2165 Byzantii
561 2063 798 2140 obsidionem
826 2062 1076 2138 Chersonesi-

39 2213 114 2290 que
141 2188 386 2263 vastationem
411 2187 562 2260 nomine
589 2202 688 2262 certe
717 2201 900 2282 exortum,
926 2187 1076 2259 nomine

37 2327 75 2383 et
101 2333 221 2409 usque
247 2305 296 2380 ad
321 2307 486 2382 Elateam
512 2324 660 2408 captam
676 2309 929 2402 continuatum
953 2306 1076 2381 fuerit.
1122 2327 1126 2338 ·

37 2435 173 2525 Quum*
199 2444 321 2502 tamen
354 2433 412 2502 Tu
452 2451 495 2503 ex
528 2431 607 2502 istis
648 2433 740 2503 meis
782 2426 1076 2502 dubitationibus

39 2549 307 2622 humanissime
333 2565 469 2624 memet
501 2574 571 2650 per
603 2547 744 2624 litteras
773 2555 872 2624 Tuas
900 2547 1078 2623 exsolve-

37 2673 104 2762 ris,
130 2667 226 2742 hanc
254 2673 371 2744 Tuam
397 2670 446 2744 de
473 2697 567 2772 paee
601 2669 666 2746 illa
691 2673 906 2772 opinionem
932 2673 970 2745 in
997 2679 1077 2772 cap.

38 2783 95 2884 V,
121 2791 160 2862 in
188 2815 261 2890 quo
288 2815 349 2866 res
384 2807 469 2866 ante
502 2791 686 2891 proelium
719 2791 979 2867 Chaeronense
1005 2816 1080 2893 ge-

40 2929 118 2987 stas
138 2937 299 3012 expono,
324 2917 419 2990 meis
446 2915 556 2988 simul
573 2925 610 2988 et
625 2917 715 2988 Tuis
729 2913 938 2987 rationibus
954 2937 1080 3014 quan-

41 3050 121 3107 tum
147 3036 256 3134 potui
283 3038 559 3109 accuratissime
595 3033 850 3109 demonstrare
876 3034 1080 3110 confirma·
1144 3037 1149 3044 ’

42 3178 160 3256 reque
195 3171 349 3231 conatus
383 3179 482 3248 snm,
515 3160 554 3228 in
592 3180 710 3257 eaque
746 3173 782 3230 et
807 3181 907 3230 nunc
941 3170 1081 3256 persto,

40 3275 139 3368 licet,
167 3298 278 3376 quarn
307 3275 371 3350 diu
395 3301 455 3350 mc
482 3295 672 3352 oratorum
693 3277 784 3352 illud
801 3279 983 3352 silentium
999 3293 1082 3352 tor-

42 3401 149 3488 serit,
184 3400 267 3497 ipse
302 3403 362 3473 Tu
388 3404 584 3478 ‘noveris..
618 3400 690 3475 Sed
724 3398 830 3501 quod
864 3403 922 3472 Tu
957 3398 1082 3474 adhuc
1131 3485 1133 3488 ¹

43 3517 158 3592 modo
191 3523 403 3620 nuperrime
439 3547 526 3622 erga
560 3518 621 3598 nie
653 3523 827 3613 statuisti,
859 3545 1008 3620 pacem,
1027 3520 1081 3594 Ol.
1125 3537 1130 3544 '

46 3642 163 3731 CVIII,
192 3663 215 3714 2
245 3645 492 3743 compositam
527 3642 583 3717 Ol.
619 3646 700 3736 CX,
737 3633 752 3720 t
792 3647 842 3716 in.
869 3640 1083 3716 solemniter

43 3785 128 3836 esse
155 3759 358 3857 discissam,
384 3764 425 3838 id
451 3763 604 3866 quidem
620 3764 820 3841 clarissime
837 3764 965 3837 testari
990 3761 1084 3835 Phi-

40 3879 252 3974 tochorum,
278 3909 409 3960 rursus
435 3864 559 3960 tamen
594 3886 649 3960 Ol.
684 3888 764 3978 CX,
802 3909 824 3958 a
860 3882 1085 3984 Elaphebo-

38 4004 141 4077 linne
170 4022 206 4078 et
233 4007 479 4106 sequentibus
501 4007 692 4084 mensibus
707 4018 840 4107 pacem
855 4023 973 4082 actam
991 4031 1084 4096 esse,
1201 4045 1205 4056 ·

40 4149 83 4199 ex
121 4123 283 4202 decretis
319 4147 488 4205 constare
521 4129 700 4205 archonte
734 4127 954 4230 Heropytho
991 4127 1086 4218 latis,
