2750 4772
694 309 866 416 λιι...

166 553 174 564 ,
252 478 498 560 Demosthenis,
522 476 726 572 quoderstat
755 480 792 545 in
814 502 862 547 or.
878 461 924 544 dc¹
943 461 1011 546 cor.
1027 501 1062 570 p.
1079 479 1154 570 289,
1177 497 1295 542 navar-

252 587 355 654 chum
394 607 472 650 cum
505 582 657 651 ducentis
697 582 836 650 navibus
874 579 1118 674 Thermopylas
1155 578 1294 647 tendere

253 690 382 770 iubent,
405 704 439 754 et
459 675 629 778 pedestres
652 674 887 790 equestresque
909 688 1022 781 copias
1045 683 1088 752 ad
1100 680 1297 751 Eleusinem

253 795 350 862 exire.
407 791 499 874 Quae
530 815 636 882 quum
675 793 722 857 ita
758 791 846 871 sint,
884 791 1023 870 omnino
1060 811 1194 856 neeesse
1233 793 1296 870 cst,

253 915 292 964 ut
312 920 378 989 pax
401 894 539 986 Olymp.
565 893 638 977 CX,
666 919 676 960 1
703 891 794 961 bello
817 893 978 986 Byzantio
1008 895 1196 988 interrupta
1218 907 1297 960 ante

229 999 405 1092 'Philippi
434 1001 470 1064 in
501 999 676 1066 Graeciam
704 995 959 1090 impressionem
986 1021 1098 1064 rursus
1128 999 1172 1064 sit
1198 997 1299 1064 resti&
1357 1031 1358 1042 ι

255 1123 335 1172 tuta.
358 1141 402 1154 -
424 1101 493 1171 Sed
514 1104 551 1168 in
569 1099 632 1170 ¹illo
661 1097 734 1194 ipso
763 1099 895 1169 decreto
923 1101 1174 1182 Demosthenis,
1203 1099 1299 1192 quod

254 1224 424 1301 postremo
455 1208 801 1306 commemoravimus,
830 1206 922 1300 pacis
950 1207 1073 1273 iterum
1094 1206 1299 1297 compositae

254 1310 383 1380 nullam
406 1309 495 1378 dicas
519 1335 587 1378 esse
617 1312 823 1377 mentionem
849 1311 1016 1378 iniectam.
1060 1310 1300 1376 Verumenim-

256 1441 334 1484 vero
357 1418 394 1482 in
417 1438 455 1481 eo
477 1439 521 1482 ne
543 1415 672 1482 bellum
704 1401 842 1506 quidem
872 1413 1011 1506 Olymp.
1043 1413 1122 1495 CX,
1158 1437 1168 1480 1
1196 1437 1299 1482 reno-
1358 1413 1359 1418 ’

255 1537 368 1586 vatum
390 1519 512 1585 diserte
535 1537 821 1587 commemoratur.
872 1516 1021 1586 Scilicet
1037 1511 1208 1585 decretum
1229 1517 1299 1588 hoc

256 1648 333 1692 eum
355 1623 392 1689 in
414 1621 517 1688 finem
540 1625 702 1715 scriptum
725 1641 788 1702 est,
811 1640 849 1690 ut
871 1615 1024 1691 omnihus
1046 1610 1202 1717 liqueret,
1224 1646 1300 1691 non

256 1745 324 1794 tam
357 1749 420 1821 pro
451 1751 509 1792 sua
536 1728 688 1816 ipsorum
721 1725 825 1798 salute
851 1725 1081 1846 periculosum
1110 1750 1187 1793 cum
1216 1725 1301 1794 Phi-

204 1871 207 1880 *
256 1832 351 1924 lippo
373 1829 501 1898 bellum
524 1829 743 1898 Athenienses
774 1832 959 1932 suscipere,
991 1855 1091 1951 qnam
1118 1855 1180 1924 pro
1204 1855 1300 1899 com-

213 1985 215 1990 ·
256 1938 352 2002 muni
377 1933 534 1999 Graeciae
556 1931 725 2014 libertate,
757 1933 897 2024 superbe
925 1936 1182 2056 gravissimeque
1208 1933 1301 2002 inse-

257 2056 348 2125 stata,
371 2053 476 2127 utque
500 2019 625 2102 eade
627 2062 722 2102 causa
751 2061 864 2106 omnes
888 2038 1046 2104 Graeciae
1069 2040 1235 2126 civitates,
1258 2040 1300 2106 in

256 2143 374 2236 primis
396 2140 549 2206 Thebani
571 2139 613 2205 ad
635 2142 825 2209 societatem
858 2165 935 2207 cum
957 2141 1252 2210 Atheniensibus
1241 2169 1300 2211 ιιι-

258 2243 403 2314 eundem
425 2246 613 2311 accerrimis
638 2244 781 2312 stimulis
800 2247 1032 2335 excitarentur,
1071 2243 1203 2314 idcirco
1224 2269 1300 2314 non

258 2347 546 2420 commemoranda
573 2349 697 2415 hic-ea
721 2367 828 2430 munt,
858 2375 944 2442 quae
972 2351 1109 2444 propria
1137 2351 1220 2418 belli
1241 2353 1301 2418 in-

258 2459 436 2522 citamenta
458 2453 717 2520 Atheniensibus
748 2470 873 2536 essent,
904 2478 982 2550 ergo
1006 2478 1049 2520 ne
1070 2481 1135 2550 pax
1157 2453 1302 2546 quidem

257 2585 335 2646 cum
347 2557 504 2649 Philippo
528 2559 651 2624 iterum
674 2560 865 2650 composita,
886 2560 1077 2651 iterumque
1100 2559 1141 2625 ab
1164 2583 1202 2627 eo
1224 2560 1301 2628 vio·

257 2663 334 2742 lata,
357 2663 455 2727 sicuti
477 2683 521 2726 ne
543 2660 579 2726 id
602 2660 741 2752 quidem
763 2662 903 2744 dicitur,
932 2648 1127 2755 Philippum
1150 2665 1301 2732 AttIcam

258 2763 416 2834 invadere
437 2761 539 2843 velle,
563 2763 655 2856 quod
682 2763 808 2838 dicitur
835 2766 872 2830 in
898 2783 1042 2858 utroque
1071 2766 1299 2838 illodecreto

260 2868 303 2934 de
325 2867 483 2945 induciis,
506 2869 634 2961 quippe
657 2858 750 2960 quod
772 2868 815 2934 ad
837 2868 1035 2962 Philippum
1056 2873 1220 2964 scriptum
1242 2875 1299 2941 sit.

257 2974 374 3066 Itaque
397 2973 434 3038 in
457 2970 589 3039 decreto
622 2970 680 3040 illo
712 2973 825 3040 omnia
852 2973 1003 3068 Philippi
1031 2975 1120 3042 mala
1148 2977 1301 3045 facinora

259 3079 448 3146 summatim
471 3072 724 3158 enumerantur,
754 3100 792 3142 ea
819 3073 958 3170 quidem
977 3080 1152 3174 primum,
1172 3081 1300 3173 quibus

257 3179 473 3278 praecedenti
497 3199 658 3273 tempore,
679 3204 826 3273 nempe
829 3180 910 3247 inde
938 3182 992 3247 ab
1009 3182 1148 3275 Olymp.
1171 3177 1300 3267 CVIII,

260 3308 279 3353 2
307 3309 413 3380 usque
437 3282 478 3349 ad
502 3281 638 3378 Olymp.
663 3285 759 3366 CIX,
790 3279 822 3369 ai,
843 3309 989 3380 pacem
983 3310 1061 3353 cum
1082 3288 1300 3356 Atheniensi-

258 3389 321 3455 bus
345 3387 562 3484 compositam
580 3387 730 3470 violarit,
759 3407 792 3458 et
814 3413 958 3482 quorum
985 3390 1165 3459 vindictam
1193 3392 1302 3460 Athe-

259 3493 390 3562 nienses
412 3514 475 3586 pro
490 3507 555 3584 ⁵sua
577 3494 682 3560 animi
704 3493 934 3614 magnitudine
955 3501 1169 3590 repetendam
1187 3497 1300 3564 minus

259 3623 328 3666 esse
352 3597 574 3680 censuerint,
590 3603 661 3663 tum
682 3621 759 3664 vero
782 3599 924 3664 manime
953 3623 1001 3679 ea,
1025 3625 1108 3692 quae
1130 3601 1301 3694 praesenti

260 3705 429 3794 tempore,
460 3700 525 3768 hoc
549 3716 597 3766 est
618 3699 704 3767 inde
722 3701 762 3766 ab
786 3701 924 3796 Olymp
943 3703 1046 3786 CIX,
1080 3703 1111 3788 ai,
1141 3703 1298 3771 adversus

247 3805 403 3886 ‚Graecos
428 3811 542 3872 omnes
562 3795 754 3927 Philippus
775 3824 808 3873 et
834 3807 969 3874 tentarit
995 3809 1115 3874 iniuste
1146 3826 1179 3874 et
1207 3833 1301 3876 exse·

260 3927 354 3976 cutus
378 3908 429 3992 sit,
453 3933 537 4002 quae
560 3910 625 3976 iam
646 3935 716 3978 non
739 3907 910 3979 toleranda
931 3910 1013 3977 sibi
1009 3936 1086 3978 esse
1108 3909 1296 4009 videantur.

235 3998 319 4148 'Sic
352 4017 442 4080 enim
472 4015 601 4106 egregie
624 4013 772 4084 additu:
805 4014 1005 4134 „quamdiu
1018 4016 1173 4082 barbaras
1202 4016 1299 4108 (Ill-y-

310 4135 378 4184 t
401 4119 574 4203 lhtactas)
605 4137 704 4211 atque
738 4119 891 4212 proprias
905 4107 972 4210 (in
994 4119 1216 4210 Chersoneso)
1239 4144 1298 4188 ur-
