2750 4772
535 291 698 403 gr„

100 465 257 554 Creatum
280 465 371 533 enim
392 483 471 531 eum
492 483 626 532 neeesse
654 478 703 530 est
731 477 821 530 certe
849 459 931 530 anni
953 461 1022 530 iam
1040 463 1140 554 prae«)¹

100 569 260 653 cedentis,
284 567 420 661 Olymp.
446 567 526 648 CX,
556 591 592 648 a,
615 565 888 657 Scirophorione.
934 560 1141 634 Schoeman*

97 699 163 742 nus
188 673 325 766 quidem
346 670 400 755 (de
423 672 535 738 comit.
557 695 591 762 p.
619 671 692 759 138)
724 669 881 739 archonte
904 671 1141 763 Theophrasto
1231 662 1236 673 ’

101 778 237 870 Olymp.
263 776 341 858 CX,
365 801 387 842 -t
424 791 579 855 exeunte,
612 773 717 840 latum
745 773 833 841 illud
862 773 904 839 de
932 777 1037 840 muris
1059 773 1138 841 refi-

100 881 229 950 ciendis
253 878 424 948 decretum
448 880 618 970 opinatur,
650 875 741 970 quod
763 896 845 958 tum,
867 877 959 945 hello
982 878 1136 970 Philippi

98 985 305 1064 imminente,
327 972 436 1073 legem
458 983 697 1049 Demosthenes
720 980 833 1049 tulerit
853 979 1037 1048 secundnm
1056 982 1140 1046 Phi-

97 1088 271 1158 lochoro-m
299 1094 363 1179 (ap.
391 1088 529 1178 Dionys.
553 1086 627 1152 Hal.
650 1111 702 1178 ep.
732 1109 761 1150 a.
785 1087 895 1151 Amm.
918 1085 948 1174 §.
975 1085 1028 1174 rt)
1062 1093 1140 1164 νοῦς

96 1199 236 1280 πληροῦν
256 1194 306 1258 καὶ
328 1191 368 1257 τὰ
390 1191 469 1257 ἄλλα
491 1193 619 1278 ἐνεργεῖν
640 1192 680 1257 τὰ
703 1197 758 1256 τοῦ
772 1190 924 1273 πολέμου·
947 1189 1137 1282 insequenti

99 1321 204 1375 anno,
236 1296 393 1362 archonte
422 1295 673 1386 Lysimachide,
710 1319 814 1386 quum
850 1292 1069 1364 Athenienses
1095 1293 1135 1362 τὰ

96 1402 154 1485 μὲν
184 1401 257 1488 ἔργα
284 1400 324 1467 τὰ
352 1401 420 1486 περὶ
454 1399 530 1475 τοὺς
560 1401 736 1476 νεωςοίκοος
770 1399 820 1464 καὶ
851 1396 909 1483 τὴν
942 1399 1138 1485 σκευοθήκην

63 1587 65 1596 Ι
97 1503 291 1588 ἀνεβάλοντο.
315 1503 368 1568 διὰ
401 1502 457 1568 τὸν
488 1502 624 1586 πόλεμον
652 1501 708 1569 τὸν
733 1501 813 1589 πρὸς
841 1505 1012 1585 Φίλιππον,
1047 1501 1138 1568 illud

99 1610 199 1674 etiam
229 1631 400 1673 murorum
427 1594 686 1675 reficiendorum
713 1629 796 1697 opus
825 1604 983 1688 dilatum,
1013 1625 1046 1674 et
1076 1607 1139 1699 qni
1240 1603 1242 1610 ¹

106 1714 176 1776 eius
200 1729 366 1778 curatores
393 1708 534 1792 suerint,
565 1735 675 1801 neque
709 1710 826 1776 abiisse
856 1733 996 1776 munere
1024 1735 1138 1803 neque

98 1817 243 1881 rationes
283 1813 451 1893 retulisse,
494 1838 560 1906 quo
599 1816 763 1893 evenerit,
806 1830 843 1878 ut
881 1814 1133 1898 Demosthenes,

98 1944 185 1986 unus
209 1943 249 1984 ex
271 1919 488 2014 curatoribus,
510 1916 619 1983 adhuc
634 1914 769 2008 Olymp.
786 1917 859 1997 CX,
882 1919 901 1984 3
923 1941 1037 1984 mense
1052 1920 1157 2011 Pya-..
1241 1967 1243 1972 -

49 2073 54 2080 -
99 2025 260 2116 uepsione
282 2020 452 2107 astyanactis
475 2039 567 2087 esset.
584 2023 657 2088 At
677 2021 810 2085 haee
781 2044 843 2086 virt
833 2019 1039 2088 doctissimi
1061 2048 1142 2090 sen-a

100 2129 202 2194 tentia
225 2126 321 2192 lacile
343 2125 505 2192 refellitur
527 2144 560 2192 et
577 2121 791 2192 rationibus
782 2149 818 2188 rn
839 2124 935 2190 hae'
925 2151 1010 2217 rpsa
1020 2128 1137 2221 dispu-
1206 2185 1217 2202 2

100 2232 224 2298 tatione
250 2255 349 2321 supra
376 2255 394 2296 a
427 2231 523 2298 nobis
557 2231 696 2296 excussis
732 2246 764 2295 et
791 2252 830 2295 eo
857 2251 970 2298 rerum
1004 2231 1134 2314 ordine,

100 2357 213 2429 quem
225 2334 464 2426 exploravimus
486 2355 556 2426 cap.
581 2334 639 2400 IV.
663 2358 714 2398 nr.
740 2336 815 2421 7..ss
838 2351 874 2398 et
894 2357 965 2426 cap.
989 2335 1030 2400 V.
1076 2337 1134 2404 Et-
1206 2334 1209 2340 ’
1273 2409 1280 2424 ⁸

101 2443 191 2507 enim
215 2439 370 2506 archonte
394 2438 635 2529 Theophrasto,
660 2434 796 2528 Olymp.
821 2436 899 2515 CX,
928 2461 938 2504 1
961 2440 1148 2520 ineunte.

101 2553 190 2624 (nam
213 2561 352 2610 exeunte
376 2543 412 2606 in
430 2542 564 2633 Scythia
578 2541 777 2606 versabatur.
804 2539 842 2604 V.
862 2564 932 2632 cap.
952 2541 1006 2630 V.)
1029 2569 1135 2634 quum
1222 2541 1224 2546 ¹

101 2646 278 2740 Philippus
312 2647 450 2738 Olymp.
474 2646 570 2724 CIX,
598 2645 620 2730 4
642 2662 719 2710 extr.
743 2645 938 2734 Byzantium
963 2647 1135 2715 obsidione
1162 2727 1163 2730 Ἴ

101 2748 277 2832 clausisset,
301 2749 434 2816 discissa
455 2749 595 2815 Athenis
617 2747 809 2814 solemniter
826 2773 918 2841 pace,
942 2750 1137 2818 Demosthe-

100 2875 160 2920 nes
182 2853 290 2945 legem
311 2854 398 2936 tulit,
420 2872 457 2920 ut
477 2879 605 2920 summa
618 2851 790 2944 diligentia
807 2877 903 2919 naves
917 2853 1135 2924 Athenienses

100 2961 313 3038 instruerent,
336 2977 510 3049 ceteraque
539 2951 618 3024 helli
642 2981 742 3050 opera
765 2975 931 3036 curarent,
953 2981 1075 3048 nempe
1098 2980 1148 3028 nti
1179 2988 1181 2994 ·

100 3079 238 3154 possent
263 3062 428 3152 Byzantiis
460 3085 557 3153 opem
592 3059 679 3126 se‘rre
708 3063 861 3151 iustoque
890 3058 979 3128 hello
1008 3063 1136 3157 Philip-

100 3187 183 3256 pum
213 3187 377 3256 premere.
427 3163 476 3230 Eo
505 3181 654 3255 tempore
686 3189 791 3254 quum
820 3166 857 3228 in
888 3164 1032 3259 Thracia
1056 3169 1149 3234 Hel-:

101 3267 314 3358 lespontique
341 3267 532 3357 regionibus
561 3264 649 3332 hello
680 3267 856 3359 Philippus
885 3289 1063 3361 occupatus
1086 3298 1138 3338 es
1145 3273 1149 3284 ’

100 3477 321 3545 Athenienses
342 3496 511 3541 murorum
533 3460 1007 3544 reficiendorumddmoneret
1053 3480 1138 3548 Om-
1144 3521 1149 3534 ·

101 3581 153 3645 nis
175 3597 246 3644 tum
268 3581 380 3671 potins
402 3602 502 3670 opera
525 3577 621 3644 classi
643 3578 855 3645 instruendae
883 3581 1032 3648 navanda
1056 3603 1147 3652 erata
1182 3638 1184 3642 .

101 3683 202 3752 Nulla
232 3685 335 3776 igitur
363 3683 555 3750 communio
586 3684 723 3749 interest
755 3684 845 3749 inter
875 3683 975 3752 illamv
1000 3689 1147 3756 navium·

102 3786 350 3880 apparationem
379 3805 411 3855 et
440 3810 610 3853 murorum
640 3783 900 3854 reficiendorum
926 3813 1046 3856 munus
1070 3793 1148 3866 Der

101 3891 269 3957 mostheni
298 3890 542 3958 demandatum.
598 3887 726 3956 Bellum
754 3890 817 3958 hoe
838 3894 1034 3984 Byzantium
1057 3919 1139 3964 con·
1121 3929 1151 3950 -ν

102 3997 269 4060 tinuatum
292 4013 491 4102 estusque
475 3988 537 4058 ad
560 3986 696 4087 Olymp.
720 3994 793 4076 CX,
816 4019 836 4062 a
859 4021 1007 4064 mensem
1030 4000 1137 4066 Heca·-
1147 4036 1151 4050 ι

103 4099 391 4226 tomhaeonem,
366 4121 394 4164 οι
416 4120 457 4165 eo
476 4121 595 4191 pacem
615 4101 801 4168 restitutam
820 4117 910 4168 recte
934 4124 1035 4196 supra
1058 4123 1150 4174 con-1
