2740 4774
541 309 697 414 ‘Q-
760 335 763 342 .

101 506 182 552 cane
204 481 381 574 spirantes)
403 479 560 570 navigare
588 477 625 543 in
653 475 805 542 Imbrum
831 495 901 542 non
924 492 1051 568 posset,
1078 497 1142 544 neo

100 585 267 679 stipendia
288 583 451 651 militibus
474 581 619 662 solvere,
642 579 815 654 Nausicles
845 579 887 645 de
914 581 1053 673 proprio
1080 604 1167 672 per

101 693 216 760 eunias
238 689 387 780 largitur.
433 689 525 754 Tum
556 689 729 754 ineunte
751 707 856 750 anno
881 682 942 749 Ol.
967 684 1056 753 CVI
1077 709 1142 751 se-

101 793 251 874 cundo,
275 817 380 884 quum
402 815 552 858 annuum
574 789 720 855 muneris
743 789 813 854 eins
829 790 974 877 spatium
1001 788 1141 870 exiisset,

103 899 250 967 Athenas
273 895 375 977 redit,
404 892 614 986 solutamque
640 893 818 986 pecuniam
848 890 1037 959 liberaliter
1061 894 1142 960 civi-

101 1003 161 1072 tati
191 998 366 1068 condonat.
426 997 555 1074 Eodem
589 1014 757 1088 ternpore,
786 997 850 1064 hoc
884 1015 933 1064 est
968 998 1142 1064 ineunte

102 1103 166 1173 01.
190 1105 298 1184 CVI,
322 1125 359 1184 2,
387 1127 493 1192 quum
521 1103 665 1168 maxima
691 1101 821 1168 Atticae
842 1100 983 1167 militiae
1002 1120 1081 1192 pars
1104 1103 1142 1168 in

64 1239 68 1248 “
103 1211 214 1278 Imbro
236 1207 346 1274 adhuc
371 1205 656 1298 Hellespontoque
685 1205 827 1286 abesset,
859 1207 1072 1296 Megarenses
1104 1207 1143 1272 in
1252 1229 1257 1242 ·

100 1315 246 1398 vicinam
274 1311 480 1404 Salaminem
516 1309 660 1376 insulam
694 1333 735 1374 ex
763 1310 944 1401 improviso
978 1310 1142 1400 impetum

102 1417 239 1485 iaciunt
283 1415 339 1482 Ad
362 1439 416 1482 eos
439 1413 655 1534 depellendos
680 1412 925 1494 Charidemus,
939 1413 1039 1480 huius
1062 1417 1142 1481 anni

102 1539 237 1615 praetor
258 1521 306 1588 bd
327 1545 355 1587 τ.
379 1519 482 1586 ὅπλων
503 1519 698 1611 nuperrime
721 1535 858 1598 creatus,
881 1519 1045 1585 succurrit
1065 1543 1144 1593 cum

102 1650 205 1720 parva
226 1649 327 1690 mann
356 1648 396 1690 ex
417 1622 555 1716 hoplitis
586 1620 756 1688 delecta''
734 1645 789 1703 ns,
821 1623 916 1733 qui
902 1620 947 1688 ad
968 1601 1059 1690 urhis
1082 1625 1144 1690 At
1151 1621 1153 1632 '

103 1732 257 1824 tioaeque
285 1725 468 1797 custodiam
502 1729 699 1796 restitermant
753 1728 821 1810 Qui
856 1705 962 1819 qulam
997 1728 1141 1820 impares
1185 1737 1198 1762 ⁸

104 1853 231 1917 essent,
265 1834 438 1902 commissa
471 1831 514 1898 ad
543 1832 712 1900 Bocaliam
738 1831 878 1898 fluvium
906 1857 1019 1925 pugna
1056 1833 1144 1900 caesi
1181 1899 1184 1904 .

104 1957 194 2020 sunt,
226 1936 452 2030 nonnullique
475 1947 591 2005 eorum
614 1937 656 2003 ab
677 1937 827 2004 hostibus
849 1933 993 2027 spoliati.
1038 1938 1177 2004 Exeo*

105 2043 191 2110 citus
212 2045 316 2134 igitur
336 2059 376 2109 ut
395 2066 466 2109 non
489 2040 652 2135 compleri
673 2039 795 2122 solum,
824 2039 883 2108 sed
905 2041 1020 2132 augeri
1042 2043 1143 2109 etiam

57 2137 60 2147 ¹
103 2165 225 2239 posset,
249 2145 486 2229 Charidemus,
516 2144 737 2239 expeditionis
768 2144 851 2228 dux,
881 2167 960 2212 cum
981 2144 1143 2230 Diotimo,

104 2250 205 2318 huius
235 2253 315 2318 anni
337 2269 489 2342 praetore
518 2252 670 2342 equitum
701 2248 870 2316 ordinario
906 2250 1052 2331 iuvenes,
1082 2251 1143 2342 qui

106 2355 206 2422 armis
228 2353 374 2422 ferendis
395 2379 492 2447 pares
515 2371 623 2435 erant,
647 2353 847 2421 Salaminios
866 2355 937 2421 sive
958 2353 1144 2420 Athenien-

106 2482 175 2541 ses,
206 2457 250 2524 ad
276 2482 367 2524 arma
393 2476 527 2540 vocant,
560 2480 742 2549 corumque
770 2459 978 2549 octingentos
1003 2459 1143 2550 proprio

106 2579 242 2654 sumptu
263 2561 390 2654 clypeis
418 2563 595 2628 instruunt.
640 2562 715 2643 Quo
748 2558 834 2629 sacto
863 2562 973 2630 hostes
1003 2579 1062 2629 aut
1088 2587 1145 2634 su·-

105 2666 213 2757 pcrati
233 2683 319 2748 sunt,
333 2675 397 2732 faut
418 2664 509 2759 quod
530 2666 594 2734 sibi
616 2664 819 2734 infirmiores
847 2689 917 2734 csse
938 2663 1144 2749 viderentur,

106 2768 196 2836 ultro
219 2769 331 2863 fugam
362 2787 532 2865 ceperunt.
581 2769 847 2862 Repressnmque
881 2771 927 2836 ita
955 2771 1145 2862 periculum

107 2891 157 2940 est
177 2875 313 2966 primis,
346 2890 385 2942 ut
410 2875 580 2966 suspicor,
606 2875 776 2942 mensibus
806 2867 1145 2958 01.CV1,2,Nau-

107 2977 200 3058 sicle,
221 2979 404 3070 superioris
427 2981 508 3045 anni
529 2985 574 3069 τῷ
595 2980 644 3045 tut
664 3004 693 3045 τ.
716 2978 821 3044 ὅπλων
841 2994 1012 3068 praetore,
1036 2979 1146 3045 'Athe-
1186 3013 1211 3043 α

108 3105 167 3148 nas
188 3079 289 3149 modo
310 3104 448 3150 reverso.
494 3084 603 3166 Quam
633 3081 676 3148 oh
707 3104 781 3156 rem
807 3079 956 3150 eiusdem
983 3083 1064 3148 anni
1087 3082 1144 3150 ol.

110 3184 200 3266 CVI,
222 3207 378 3252 n'mensc
401 3184 527 3254 eodem¹
540 3182 799 3265 Boedromione,
827 3182 946 3252 eodem
967 3186 1067 3252 etiam
1088 3186 1146 3254 dic

108 3305 238 3356 senatus
266 3287 477 3382 populusque
504 3287 673 3370 decernit,
701 3304 742 3355 ut
762 3305 941 3356 coronetur
962 3288 1145 3373 Nausicles,

111 3410 313 3460 coronentur
327 3395 434 3460 etiam
457 3391 675 3461 Charidemus
698 3408 731 3458 et
745 3391 926 3475 Diotimus,
949 3392 1053 3460 stille
1069 3397 1146 3487 qui·
1218 3427 1219 3432 ¹
1240 3399 1243 3405 ’

109 3495 189 3563 dem
208 3496 390 3588 Dionysiis,
413 3495 562 3585 eiusdem
589 3498 671 3563 anni
699 3493 755 3565 Ol.
779 3495 868 3566 CVI.
905 3499 965 3589 qni
987 3499 1145 3589 agebatur

196 3779 314 3884 demus,
344 3779 513 3885 posterioris
539 3771 691 3841 decreti
676 3801 692 3840 o
715 3775 764 3840 tut
792 3800 821 3841 τ.
850 3774 920 3841 dni.
943 3794 971 3840 et
992 3771 1146 3860 Diotimus,

173 3857 216 3939 ¹d
249 3859 346 3926 intr.
368 3860 503 3942 ιτιπίων,
533 3866 641 3949 quibus
669 3889 773 3928 munus
793 3865 1044 3928 administrandum
1071 3883 1146 3928 esset

139 3985 142 3990 ·
199 3952 362 4053 insequenti
383 3974 467 4028 anno,
489 3951 538 4013 Ol.
561 3952 645 4055 CVI,
668 3975 703 4031 a,
733 3975 824 4060 quum
845 3954 991 4014 Nausiclcs
1012 3956 1147 4060 superio·

197 4040 237 4100 ris
257 4039 331 4116 anni,
354 4037 402 4099 Ol.
425 4038 505 4116 CVI,
530 4059 565 4118 ι,
594 4029 683 4103 deul
711 4059 740 4101 τ.
762 4034 866 4102 ὅπλων
887 4035 1071 4143 στρατηγόςι
1081 4042 1146 4102 fue-

198 4127 244 4188 rit.
290 4125 385 4206 Quem
405 4139 530 4193 nostram
550 4128 717 4190 sententiam
737 4126 918 4202 illustrabunt
939 4129 1097 4214 sequentia.
1144 4137 1152 4144 '
