2708 4768
474 316 632 421 Q

54 505 108 558 tate
137 493 202 554 sua'
229 485 367 580 proprio
406 484 582 555 commodo
617 483 656 553 et'
677 481 720 552 ad
738 477 929 579 'perniciem
963 488 1073 554 minus

52 595 290 660 fortunatos-amu
314 590 436 660 civium
458 589 687 672 abutentibus,
708 587 839 656 multae
867 613 945 660 mox
977 609 1074 658 natae

53 714 119 764 sunt
137 695 416 817 perturbationes,
447 719 533 787 qnae
557 695 654 762 istius
681 691 946 786 Symmoriarnm
968 699 1075 763 in'sti
1156 761 1167 772 ,

54 801 105 866 tuti
123 801 338 868 mutationem
358 799 551 890 exigebant
600 797 786 910 'Palemque
820 793 959 921 olymp..
984 799 1073 882 GVI,

55 904 72 972 3
90 903 330 972 Demosthenes
344 904 495 973 cranone
517 901 559 970 de
574 883 782 995 Symmoriis
792 904 978 997 proposuit,
1001 898 1074 970 eain

57 1024 147 1098 nmen
168 1007 277 1076 adhuc
308 1005 352 1074 ad
379 1007 524 1100 primam
549 1005 816 1100 Symmoriarum
846 1006 1074 1076 conditionem

55 1093 263 1202 compositam.
307 1111 350 1178 V.
378 1109 523 1179 Boeckb.
552 1109 575 1176 l.
608 1134 635 1176 ο.
657 1137 692 1205 p.
720 1113 778 1180 105
802 1135 877 1206 sqq.
921 1113 1003 1180 Eius
1027 1132 1075 1180 ta-

53 1239 119 1284 men
135 1213 283 1284 consiliis
306 1240 372 1310 qua
385 1234 459 1282 tum
480 1217 524 1282 sit
540 1217 670 1284 1atione
682 1215 989 1310 obtemperatum,
980 1241 1075 1308 1gno-

55 1337 113 1386 tum
133 1337 192 1386 est.
234 1320 351 1418 Neque
373 1321 462 1386 enim
486 1321 632 1389 omnino
637 1318 823 1413 quidquam
845 1337 993 1388 correcta
1010 1322 1075 1388 ista

55 1425 267 1492 triermchiae
265 1427 357 1493 ratio
387 1423 519 1492 videtur
541 1448 621 1506 esse,
643 1423 703 1491 sed
723 1425 833 1546 potius
856 1449 986 1492 summo
1009 1429 1076 1491 1ei-

55 1526 199 1622 publicae
230 1528 351 1598 damno
391 1531 495 1620 magis
526 1523 697 1621 magisque
729 1531 776 1595 in
802 1530 898 1621 peius
929 1525 1073 1620 delapsa.

58 1633 148 1715 Quam
179 1636 221 1702 ob
244 1659 317 1701 rem
338 1633 562 1702 Demothenes
584 1655 704 1700 novam
726 1629 862 1698 tandem
882 1630 1076 1724 prudentis*-

60 1727 223 1832 iit'namque
252 1739 430 1832 proposuit
458 1737 567 1830 legem
593 1735 1075 1828 trie1u1·chicameam,quam

57 1839 83 1906 h.
102 1867 143 1910 or.
165 1843 207 1910 de
231 1867 297 1910 cor.
326 1841 348 1908 l.
380 1842 545 1908 describit.
598 1841 682 1906 Eam
703 1857 817 1920 autem
848 1837 960 1908 tulisse
981 1847 1015 1908 ie
1037 1844 1075 1907 iu

54 1946 154 2036 primis
176 1949 260 2016 dicit
282 1963 405 2038 contra·
419 1947 540 2038 prioris
567 1941 651 2038 legis
676 1947 999 2039 perniciosissimum
1021 1969 1077 2012 ca-

55 2048 194 2142 talogum,
223 2049 391 2118 acl-verba
420 2069 585 2119 exaratum
606 2075 640 2143 p.
664 2051 743 2133 261,
777 2075 813 2118 ex
841 2074 909 2144 quo
931 2047 1078 2117 sedecim

54 2156 226 2224 uierarchis
250 2154 292 2222 ad
312 2180 415 2222 unam
435 2179 554 2222 navem
576 2154 727 2233 conferre
738 2155 869 2248 'stipem
890 2155 1021 2236 licebat,
1045 2173 1079 2222 et

54 2257 93 2324 ita
110 2260 254 2352 quidem,
277 2259 313 2327 id
335 2259 427 2353 quod
448 2263 588 2326 maxime
610 2259 726 2327 mirari
747 2261 846 2340 subit,
868 2277 906 2326 ut
923 2260 1077 2326 omnibus
1111 2349 1113 2352 Ι

54 2386 146 2457 aequa
167 2383 361 2457 sumptuum
382 2389 459 2458 pars
485 2363 659 2432 toleranda
682 2381 767 2430 esset
787 2365 843 2446 (ἐπ’
869 2363 941 2430 ἴσον
960 2371 1000 2452 τῇ
1018 2390 1078 2447 χο-

54 2472 177 2561 ρηγίᾳί
199 2495 227 2536 e.
251 2473 423 2562 λειτουργία
446 2471 636 2556 χρωμένους.
680 2468 722 2534 V.
747 2465 883 2557 catalogi
899 2467 997 2532 huius
1021 2466 1079 2531 de-

53 2575 259 2694 scriptionem
289 2599 341 2666 ap.
371 2573 516 2640 Boeckh.
544 2571 566 2638 l
590 2597 618 2640 c.
647 2598 682 2666 p.
709 2593 768 2640 roa
791 2587 869 2638 not
883 2571 968 2654 350).
1014 2571 1080 2655 Qui
1147 2560 1150 2566 ’

54 2678 254 2772 catalogus'
229 2703 296 2746 save
317 2703 394 2771 pars
417 2659 578 2769 pristinae
601 2673 644 2743 de
663 2676 927 2770 Symmoriarum
949 2677 1078 2744 ratione

53 2777 122 2872 legis
142 2785 254 2875 fuerit,
276 2807 335 2849 seu
357 2802 396 2849 ea
408 2806 494 2853 nova
504 2801 548 2849 sit
568 2783 679 2876 potius
701 2781 776 2872 lege
795 2781 997 2871 desumptus,
1018 2801 1081 2871 po-

53 2888 181 2956 steriori
195 2910 345 2979 tempore
367 2887 443 2969 lata,
467 2911 528 2980 per
565 2911 642 2953 uam
651 2885 752 2953 simul
765 2886 864 2954 etiam
880 2883 1082 2951 trierarcho-

53 3011 120 3058 rum
141 3015 302 3058 uumerus
334 3009 449 3058 auctus
479 2912 588 3058 suedi
610 2997 651 3076 (v.
673 2988 819 3056 Boeckh.
841 2986 863 3052 l.
887 2995 939 3070 e),
970 3010 1009 3054 eo
1033 3005 1082 3053 ta-
1112 3011 1116 3016 ·

54 3107 122 3162 men
150 3096 347 3189 praesertim
377 3094 452 3162 illas
482 3094 764 3188 perturbationes·
787 3092 1000 3159 trierarchiae
1029 3081 1083 3156 'ins

14 3275 18 3285 .
54 3197 211 3293 iuriasqne
234 3216 325 3265 natas
349 3222 418 3264 esse
440 3201 516 3266 satis
538 3198 656 3292 liquet,
679 3195 866 3289 dequibus
885 3195 1084 3272 Demosthe-

55 3324 105 3369 nes
135 3322 249 3372 uostro
284 3327 330 3370 or.
358 3301 400 3368 de
430 3326 497 3370 cor.
525 3301 549 3369 l.
569 3302 800 3394 conqueritur.
850 3301 900 3365 Ex
929 3322 967 3366 eo
991 3303 1083 3365 enim

55 3429 150 3496 quum
177 3407 411 3476 fortunatiores
439 3397 524 3474 eires
559 3403 700 3472 eandem
737 3423 835 3496 etque
865 3405 951 3469 cives
974 3404 1085 3471 tenui-

56 3511 114 3599 oris
137 3536 253 3578 census
275 3513 438 3602 pecuniae
459 3528 589 3602 partem
619 3509 881 3588 contribuerent,
895 3507 997 3575 alteri
1020 3509 1085 3571 im·

54 3635 159 3683 mense
180 3615 429 3708 premebantur,
451 3613 547 3682 alteri
570 3614 612 3682 ob
634 3613 807 3704 parvulam
834 3635 945 3702 neque
969 3635 1085 3676 eorum
1148 3628 1152 3643 ‘

56 3720 165 3810 opibus
181 3719 576 3812 convenientem‘stipem
596 3741 704 3810 paene
733 3717 825 3782 omni
857 3715 896 3780 ab
920 3713 1020 3779 onere
1042 3711 1087 3778 li-

55 3818 123 3890 beri
145 3841 255 3892 erant:
284 3824 401 3902 ἀτελεῖς
422 3822 483 3890 ἀπὸ
508 3828 645 3916 σμικρῶν
671 3817 884 3903 ἀναλωμάτων
903 3816 1085 3909 γιγνόμενον,

56 3948 85 4016 p.
107 3929 220 4017 260.*)
270 3929 466 4022 Ista‘igitur
499 3926 620 4002 damna
651 3923 892 3994 Demosthenes
921 3943 1005 3992 nova
1028 3945 1086 3984 sua

56 4076 358 4104 ⁹······················-··.····

97 4155 120 4238 ⁴)
143 4161 180 4218 its
201 4157 289 4220 verba
310 4161 379 4221 haee
407 4159 484 4226 haud
513 4157 602 4220 dubie
632 4155 815 4242 intelligenda
837 4169 910 4214 sunt.
957 4153 1089 4248 Clarissi-
