2706 4782
465 312 626 424 Ji-

47 497 122 569 λας,
148 485 222 564 ἴσας
247 483 288 552 ἂν
309 482 492 574 ὁρμήσαντα.
538 483 739 552 Orationem
770 501 884 552 autem
905 483 994 556 hano
1015 511 1077 558 seu

47 593 171 686 primam
192 604 282 658 certe
304 589 379 657 eius
395 606 546 683 partem,
569 589 608 655 in
629 613 697 681 qna
718 590 819 656 verba
840 586 901 656 illa
932 609 1073 673 exstant,

50 697 94 764 01.
115 695 225 776 CVII,
259 717 271 762 t
298 718 320 761 a
339 692 567 762 Demosthene
599 692 748 762 habitam
779 715 868 774 esse,
897 693 1001 766 Dion.
1031 697 1073 764 H.

50 800 130 868 selett
149 801 184 866 in
207 823 260 892 ep.
282 797 461 899 adphmm.
484 799 514 888 S
538 797 570 884 4.
616 798 734 890 Itaque
757 823 865 891 quum
887 798 926 864 in
948 824 985 865 ea
1007 802 1078 868 De·
1129 830 1133 836 ·

53 905 213 974 mottheues
237 898 280 972 ad
300 925 412 988 novos.
434 918 615 994 apparatus
643 900 785 970 belliu'os
813 902 935 970 maiori
964 904 1077 972 inten-

57 1009 121 1076 tione
156 1006 370 1075 instruendos
415 1006 637 1074 Athenienses
680 1006 872 1075 cohortetur
916 1009 979 1088 <inl
1017 1009 1076 1089 τὰς

53 1113 169 1201 ἐξαίφνης
194 1119 313 1190 suisne
334 1109 397 1180 ἀπὸ
419 1117 477 1197 τῆς
498 1111 612 1188 οἰκείας
628 1109 738 1202 χώρας
759 1111 857 1178 uisui
881 1110 1073 1206 [Φιλίααου]

52 1219 189 1302 στρατείας
209 1219 254 1294 εἰς
273 1216 397 1297 Helius,
420 1217 472 1283 καὶ
494 1213 700 1304 Χερρόνησον
725 1217 776 1282 nul
792 1215 977 1304 Ὄλυνθον),
1003 1241 1076 1286 ora·-

53 1320 153 1386 tiouem
179 1322 289 1414 ipsam
317 1319 430 1386 hieme
460 1343 489 1388 a.
516 1341 527 1385 1
565 1318 623 1386 Ol.
655 1317 751 1386 CVII
782 1317 932 1385 habitam
959 1321 1076 1388 verisi-

53 1423 114 1490 mile
132 1441 186 1504 est,
208 1423 458 1518 expeditionem
482 1439 593 1490 antem
614 1421 711 1490 illam
731 1419 774 1488 ad
796 1419 892 1514 Pylas
905 1423 1073 1518 ,Philippo

55 1528 288 1618 praecludendae
310 1551 370 1596 seu
391 1552 469 1595 vere
493 1526 550 1594 01.
575 1526 665 1606 CVI,
688 1525 719 1612 ci,
743 1551 801 1592 seu
815 1527 963 1604 mediam
985 1533 1075 1598 circa

56 1649 192 1714 aestatem,
214 1635 238 1700 i.
261 1655 291 1699 e.
315 1631 373 1700 Ol.
390 1632 487 1701 CVII
511 1655 539 1698 a.
567 1655 577 1699 ι
605 1633 746 1699 ineunte
762 1631 897 1698 missam
913 1633 1080 1701 abAthe-·

58 1735 194 1806 aiensibus
216 1759 297 1804 esse.
342 1735 496 1804 Eandem
517 1737 626 1828 ipsam
645 1722 905 1802 Atheniensium
936 1737 1073 1831 expedi-

63 1839 154 1907 tionem
173 1841 273 1908 Dem.
296 1841 332 1907 in
355 1864 403 1909 or.
426 1869 458 1908 π.
481 1865 622 1928 ααραπρ.
644 1865 679 1932 p.
700 1838 765 1925 443
794 1838 845 1904 his
867 1839 977 1908 verbis
999 1857 1072 1908 tan-

59 1944 95 2033 git,
113 1947 224 2038 quibus
247 1944 349 2012 simul
370 1944 515 2013 Diodori
537 1946 763 2012 narrationem
791 1943 916 2010 affatim
946 1945 1072 2012 confir·
1111 1979 1114 1986 ·

58 2063 113 2113 nat:
132 2048 187 2118 ὅτι
212 2051 371 2128 Φωκέας
392 2048 583 2135 ἐκράτησε
600 2047 828 2141 [Φίλιππος]
853 2047 894 2115 τὸ
917 2055 1085 2150 πρῶτονι

58 2153 99 2214 καὶ
117 2156 312 2244 διέφθειρε
341 2153 432 2232 τοὺς
460 2155 595 2233 ξένους
624 2152 748 2220 αὐτῶν
774 2155 834 2219 καὶ
862 2151 929 2220 τὸν
949 2150 1069 2240 ἡγού-

56 2277 141 2334 μενον
169 2262 230 2328 καὶ
264 2263 568 2348 στρατηγοῦντα
593 2255 859 2343 Ὀνόμαρχον,
891 2257 977 2324 τότε
1005 2264 1070 2326 τῶν

55 2355 126 2427 ὄντων
148 2362 330 2452 ἀνθρώπων
367 2361 514 2430 ἁπάντων
547 2360 674 2439 οὐδενὸς
709 2361 780 2428 οὔτε
809 2360 960 2447 Ἕλληνος
996 2363 1069 2430 odra

58 2463 181 2554 βαρβάρου
218 2471 368 2536 Φωκεῦσι
407 2464 631 2552 βοηθήσαντος
648 2463 741 2550 ,πλὴν
766 2461 872 2548 ὑμῶν,
904 2464 962 2549 οὐχ
984 2465 1070 2543 inuia

61 2573 179 2652 παρῆλθεν
202 2571 235 2660 ,ἢ
262 2570 445 2659 διεπράξαθ’
473 2561 519 2636 ὧν
545 2566 712 2655 ἠβουλήθη
741 2593 772 2633 τι
799 2568 977 2655 παρελθών,
1002 2569 1069 2636 ἀλλ’

59 2665 109 2734 otte
132 2681 309 2759 αραςελθεῖν
335 2676 424 2762 ἔγγὺς
448 2673 604 2762 ἠδυνήθη.
649 2669 877 2765 Eiusdemque
898 2673 978 2740 faeti
1001 2698 1072 2740 me·
1096 2696 1103 2704 ·

56 2770 130 2842 misit
152 2781 275 2848 iterum
301 2781 340 2846 in
362 2777 434 2846 aad
457 2804 506 2848 or.
534 2803 569 2872 p.
598 2777 673 2869 367,
695 2776 756 2843 ubi
777 2774 1008 2870 expeditionis
1028 2777 1071 2844 il-

55 2868 102 2942 lius
129 2882 291 2976 impensas
321 2883 365 2950 ad
395 2884 541 2952 ducenta
568 2880 694 2950 talenta
716 2883 876 2949 aestimat
898 2921 943 2935 -

60 2995 63 3000 '
119 2985 234 3058 Classis
256 2989 369 3079 igitur,
393 3014 460 3080 qua
481 2988 546 3055 hoo
565 2984 977 3080 temporeTlrermopylae
994 2986 1071 3052 Phi-

56 3075 125 3176 lippo
144 3091 181 3157 ab
203 3093 466 3162 Atheniensibus
489 3088 681 3185 praeclusae
703 3106 794 3169 sunt,
824 3092 905 3182 ipsis
925 3089 1069 3156 Athenis

56 3183 130 3258 allato
165 3197 372 3264 imminentis
416 3195 643 3287 impressionis
680 3194 808 3260 nuncio
849 3193 967 3260 emissa
1010 3211 1068 3260 est.

56 3283 146 3364 Securi
166 3304 256 3370 enim
279 3319 352 3370 tum
374 3303 534 3394 temporis
556 3297 666 3366 adhue
679 3298 899 3365 Athenienses
922 3295 1072 3367 luerunt«
1168 3359 1173 3373 X

56 3390 142 3474 Quum
173 3423 285 3474 umen
316 3404 421 3472 semel
454 3421 564 3472 essent
584 3402 738 3496 Philippi
770 3403 978 3469 ferocitatem
1012 3427 1069 3470 ex-

57 3504 129 3585 perti,
149 3511 245 3578 etad
266 3511 431 3578 aeriorem
448 3507 654 3601 vigilantiam
671 3504 905 3575 Demosthenis
919 3509 1071 3576 oratione·

61 3616 143 3674 tantm
162 3613 310 3708 Philipp.
333 3615 360 3682 Ι.
383 3615 586 3695 exsuscitati,
615 3629 774 3706 paratam·
792 3609 917 3678 deinde
944 3610 987 3676 ad
1009 3611 1071 3677 ob-

58 3712 224 3786 servandum
246 3715 423 3786 traiectum*
441 3717 580 3786 classem
602 3717 696 3796 Oroi,
720 3716 804 3782 urbe
825 3717 1072 3808 septentriones

56 3799 300 3905 inhumanata
312 3824 443 3892 ancoris
459 3824 604 3891 tenuisse
617 3820 783 3889 ridentur.
802 3819 914 3886 cene
929 3817 1069 3912 Olymp.
1196 3819 1203 3829 ¹

58 3907 146 3988 CVIII
153 3973 163 4005 ,
189 3949 209 3994 a
251 3928 443 3996 Proxenum
476 3929 712 4020 imperatorem
733 3921 879 3994 eundern
900 3921 945 3990 ad
965 3919 1070 4004 finem

56 4009 150 4092 inilia
168 4033 303 4123 regione
324 4048 489 4101 versuum
511 4053 581 4099 esse
608 4045 736 4100 constat
765 4052 804 4096 es
833 4027 931 4095 Dem.
960 4049 1010 4096 or.
1037 4053 1071 4094 n.
1167 4094 1172 4114 ‚
1293 4079 1296 4088 .

696 4123 745 4204 ps
