2750 4772
574 267 733 376 ..ί-ὁὶ,
812 319 817 333 .

133 440 367 524 τυραννοῦνται,
391 431 476 504 Phil.
500 436 564 526 Ill,
593 461 629 530 p.
656 462 727 532 ¹¹7·
774 437 824 536 [ἓν
845 439 981 534 Εὐβοίᾳ]
1005 443 1065 518 dic,
1083 446 1179 530 recl-5
1252 487 1255 496 Δ

132 539 419 628 messuerimus
441 540 657 610 deCherson.
679 567 714 638 p.
736 565 790 636 99.
835 542 897 611 His
919 546 1021 642 igitur
1042 547 1080 612 in
1102 570 1177 616 ora-
1237 541 1239 547 ’

132 643 291 712 nonnus·
311 644 438 738 ubique
465 643 707 716 Demosthenes
739 645 831 716 illam
865 671 979 715 rerum
1008 649 1176 726 Euboica-

130 770 210 832 rum
231 749 487 816 conversionem
514 766 553 818 ut
581 775 699 819 recens
725 752 847 819 factem
874 770 1052 838 memorat,
1086 778 1175 822 eem-

131 875 198 944 que
220 851 318 920 malis
340 850 410 918 illis
432 853 525 944 pacis
552 878 631 921 cum
659 854 820 947 Philippo
851 858 1053 950 compositae
1076 883 1174 926 even-

131 955 221 1024 tibus
244 972 452 1038 annumerat,
473 981 537 1050 per
551 982 641 1052 *quos
664 958 788 1026 deinde
801 958 980 1064 Phil'prpus
996 964 1065 1032 vim
1080 987 1174 1030 suam

130 1085 168 1128 ae
196 1062 383 1154 potentiam
410 1060 671 1130 Atheniensium
700 1063 901 1134 detrimento
934 1064 1032 1132 latius
1062 1083 1174 1134 exten-

16 1207 18 1212 ·
130 1163 234 1250 derit3
256 1166 313 1249 ita,
335 1184 374 1232 ut
396 1163 617 1234 dubitandum
638 1169 789 1252 nonsit,
811 1169 952 1236 tentasse
973 1170 1173 1265 Philippum

129 1293 182 1336 res
212 1269 378 1338 Euboicas
407 1268 547 1364 Olymp.
576 1268 658 1338 CIX
687 1296 776 1340 enno
803 1273 940 1341 circiter
965 1277 1096 1367 primo,
1130 1275 1172 1342 eh

129 1388 237 1468 eoque
260 1371 391 1442 adiutos
418 1397 496 1443 mox
525 1372 735 1443 Clitarchum
762 1377 928 1458 Eretriae,
959 1375 1170 1446 Philistidem

129 1478 213 1547 Orci
235 1477 466 1548 dominatione
494 1503 563 1546 esse
591 1481 723 1572 potitos.
768 1482 813 1550 Et
838 1480 921 1548 haee
945 1477 1085 1573 quidem,
1104 1481 1171 1563 duo

127 1579 186 1650 illa
207 1582 360 1676 Philippi
381 1583 531 1650 facinora
551 1582 696 1666 fuerint,
719 1609 804 1676 quae
826 1610 844 1650 s
865 1585 1091 1652 Demosthene
1113 1581 1170 1676 (de

127 1711 195 1754 cor.
217 1713 252 1779 p.
276 1692 352 1772 252)
374 1687 569 1756 indicantur
589 1687 714 1755 verbis:
744 1684 821 1773 ἡνίκ’
842 1689 980 1773 Εὖβοίας
999 1689 1114 1777 ἥπτετο
1138 1708 1171 1760 et

125 1791 229 1879 insedi]
252 1792 423 1880 τυράννους
444 1792 557 1869 ἐκεῖνος
578 1793 611 1858 ἐν
631 1790 760 1868 τούτοις
781 1802 850 1870 ταῖς
871 1792 977 1860 πόλεσι
990 1795 1168 1880 κατέστησε.

212 1897 331 1989 Itaque
371 1922 478 1990 quum
506 1892 685 1990 Philippus
723 1895 894 1982 Euboeam
930 1896 993 1964 sihi
1026 1895 1169 1964 reddere
1259 1923 1262 1936 ·

123 2001 305 2068 obnoxiam
334 2019 418 2069 esset
445 1998 596 2081 molitus,
633 2000 787 2067 excitatos
816 2025 835 2066 a
862 2025 897 2067 se
926 2000 1168 2070 Demosthenes

121 2105 224 2173 refert
244 2106 467 2173 Athenienses
489 2103 534 2170 ad
554 2099 757 2198 legationem
779 2104 816 2170 in
839 2104 1009 2172 Euboeam
1031 2107 1169 2172 mitten-

122 2207 215 2278 dam:
239 2208 305 2278 εἶτα
326 2211 393 2296 τὴν
407 2199 600 2294 elcEiit'lo'tcr
623 2207 806 2299 [πρέσβειον
828 2207 980 2300 irrepet
1003 2207 1081 2295 ἡνίκ’
1102 2211 1166 2276 Ed-

120 2317 214 2397 βυίος
240 2313 354 2400 ἥπτετο
386 2313 518 2381 decor.
542 2338 576 2405 p.
608 2317 683 2380 252.
727 2313 792 2380 Per
812 2312 901 2379 hanc
923 2311 1038 2381 foedus
1062 2313 1166 2379 Athe-

120 2420 254 2486 nienses
287 2419 378 2485 inter
408 2435 441 2484 et
470 2416 681 2484 Euhoeenses
719 2415 933 2484 conciliatum
968 2435 1033 2498 est,
1069 2418 1165 2484 cuius

7 2611 8 2614 ρ
119 2547 207 2616 qnae
229 2521 332 2588 fuerit
352 2523 457 2600 ratio,
488 2520 671 2598 Aeschines
696 2521 831 2612 copiose
854 2521 993 2612 exponit
1013 2522 1050 2586 in
1074 2519 1163 2588 Ctes.
1232 2581 1235 2586 .

120 2653 155 2719 p.
178 2627 223 2696 66
244 2651 306 2718 sq,
330 2623 420 2692 unde
447 2625 579 2717 potiora
601 2649 665 2691 nos
684 2623 741 2690 hic
763 2641 801 2691 ut
821 2625 1083 2718 perscribamus,
1110 2648 1164 2692 res

117 2733 190 2825 ipsa
217 2730 372 2823 requirit.
424 2728 549 2802 Callias
587 2730 691 2819 igitur
719 2726 951 2796 Chalcidensis
989 2745 1162 2820 tyrannus,
1180 2788 1190 2804 .,

119 2859 223 2928 quem
262 2851 339 2926 post
374 2835 519 2901 eiectum
548 2835 680 2900 Eretria
720 2832 938 2914 Plutarchum
977 2832 1163 2900 commodis
1241 2867 1246 2875 ·

119 2939 274 3033 Philippi
317 2937 526 3031 aliquamdiu
570 2939 757 3004 inseruiisse
796 2961 899 3028 supra
932 2939 1162 3028 cognovimus,

116 3062 294 3136 postquam
316 3067 379 3132 per
399 3043 539 3108 iniurias
560 3043 708 3133 primum
721 3038 887 3134 Philippi,
904 3058 986 3122 tum,
1010 3040 1053 3106 ad
1075 3065 1161 3134 quos
1205 3095 1207 3098 -

117 3147 242 3216 deinde
264 3147 449 3225 transierat,
473 3139 715 3214 Thebanorum
737 3146 838 3212 etiam
859 3145 923 3210 sibi
950 3139 1160 3216 inimicitiam

117 3267 343 3333 contraxerat,
380 3251 531 3316 minante
568 3250 609 3316 ab
639 3251 792 3342 ¹utrisque
818 3248 993 3343 periculo,
1028 3248 1160 3318 consilii

62 3356 67 3364 ’
116 3360 216 3449 inops
238 3379 340 3422 unam
362 3377 457 3446 spem
483 3353 603 3422 salutis·
625 3352 793 3445 reliquam
813 3352 914 3435 vidit,
945 3352 1160 3447 sipopulum

112 3461 352 3528 Atheniensem
367 3461 439 3525 iure
452 3457 595 3526 iurando
609 3459 674 3525 sihi
687 3459 918 3552 obstringeret
963 3459 1074 3526 Missis
1096 3460 1167 3550 igi-¹

114 3584 171 3633 tur
201 3563 317 3658 legatis
347 3562 581 3640 Demosthenis
617 3587 720 3655 opera
752 3563 946 3655 societatem,
971 3562 1159 3630 Athenien-

112 3672 204 3736 sium
224 3668 290 3736 sihi
312 3667 501 3736 conciliavit
523 3693 563 3734 ea
583 3666 796 3750 conditione,
818 3685 856 3737 ut
878 3664 1160 3735 Chalcidensibus
1273 3703 1275 3708 ·

112 3796 186 3841 non
212 3787 297 3840 esset
321 3772 479 3840 Athenas.
492 3770 536 3838 ad
564 3769 746 3839 concilium
775 3769 1060 3853 conveniendum,
1093 3795 1157 3838 nee

113 3877 227 3946 ullum
254 3877 417 3947 tributum
445 3875 715 3970 persolvendum.
767 3876 841 3960 Qua
871 3877 1026 3944 societate
1048 3876 1157 3969 impe·-

114 4000 214 4063 trata,
242 3980 334 4050 haud
355 3983 400 4047 ita
421 3980 522 4072 longe
550 3997 626 4074 post
646 3983 720 4074 ipse
743 3977 873 4050 Callias
889 3980 1035 4047 Athenas
1050 3970 1170 4066 ,edre-s

112 4090 176 4169 nit,
199 4103 232 4156 et
254 4109 448 4181 progressus
478 4088 516 4153 in
539 4086 735 4154 concionem
757 4083 880 4154 siebat:
911 4087 1028 4153 venire
1056 4107 1092 4152 se
1114 4099 1155 4152 ex'
1210 4129 1211 4134 κ
