2706 4782
223 1515 226 1522 -
372 1497 380 1532 r

282 1545 812 1636 Prooemium

474 1824 682 1840 Ἦ

44 1987 247 2080 'Orator-um
271 2009 477 2080 Graecorum
499 2015 728 2107 interpretatio
760 2031 923 2107 quantum
951 2015 1102 2108 superio-
1130 2089 1133 2096 Δ

49 2118 149 2182 ribus
172 2139 277 2208 seque
299 2140 338 2182 oc
360 2120 596 2184 recentissimis
620 2120 827 2212 temporibus
849 2137 935 2213 post„
948 2144 1020 2186 eum
1043 2145 1101 2186 cu·

49 2245 129 2286 ram
162 2218 279 2286 relicte
307 2224 369 2301 sit,
399 2245 500 2313 quam
527 2223 635 2316 poetis
671 2225 856 2316 ceterisque
884 2225 1101 2318 scriptoribus
1145 2251 1151 2265 ·

50 2323 193 2389 Graecis
223 2341 256 2390 ct
282 2323 365 2392 olim
396 2326 582 2418 impensam
612 2352 698 2408 esse,
734 2345 766 2393 et
794 2326 886 2420 apud
908 2352 968 2396 nos
991 2327 1101 2394 adhuc

47 2425 228 2516 impendi,
256 2431 430 2520 omnigena
458 2449 525 2496 tam
555 2446 704 2498 veterum
733 2456 834 2523 quem
855 2433 1103 2512 recentissimo-

50 2553 135 2596 rum
157 2527 378 2598 subsidiorum
401 2537 498 2626 copia
521 2535 628 2618 docet,
651 2539 728 2600 sotis
752 2537 876 2626 cuique
891 2553 1102 2627 compertum

16 2711 20 2718 Ι
46 2651 121 2713 est,
153 2635 213 2726 qui
235 2634 272 2700 in
292 2637 501 2730 peragrando
524 2642 738 2731 antiquarum
764 2639 952 2712 litterarum
981 2662 1100 2732 eampo

45 2735 94 2802 ad
126 2737 191 2805 hoc
226 2762 362 2830 quoque
394 2761 570 2810 auctorum
602 2769 706 2834 genus
734 2742 785 2810 vel
823 2743 946 2810 cursim
984 2741 1102 2810 dever-

45 2842 138 2909 terit
192 2842 349 2910 Priorum
381 2845 548 2915 editorum
573 2849 744 2939 principes
771 2847 910 2916 Hieron.
941 2846 1099 2928 Wollius,

45 2943 229 3038 Toylorus,
252 2947 404 3016 lleislsius
427 2975 495 3044 quo
518 2951 621 3020 modo
642 2953 851 3044 provinciam
878 2973 972 3018 suom
994 2947 1102 3016 admi·

4 3051 6 3056 ’
44 3052 243 3132 nistrarint,
272 3071 437 3144 quantum
467 3058 504 3121 in
527 3057 643 3122 'critica
675 3057 887 3148 castigatione
918 3055 992 3122 aliis
1021 3053 1101 3120 reli-

1 3237 2 3242 *
45 3156 198 3248 querint,
222 3173 389 3248 quantum
409 3159 446 3224 in
464 3158 696 3253 explicatione,
719 3159 910 3226 luculenter
931 3160 1044 3238 sensit,
1068 3175 1101 3226 et

2 3331 3 3346 ξ
45 3260 175 3328 diserte
196 3261 433 3350 pronunciavit
454 3263 491 3330 F.
514 3265 554 3330 A.
577 3261 725 3332 Wolfius
748 3264 785 3330 in
798 3258 949 3356 Epistola
970 3261 1101 3328 adltei-
1161 3269 1165 3276 “

2 3387 3 3396 ’
43 3365 149 3444 zium,
175 3362 361 3456 Leptineac
376 3365 654 3434 Demosthenicum
673 3369 863 3461 praemissa.
897 3363 1010 3459 Atque
1024 3381 1101 3456 post

46 3491 221 3534 summum
252 3467 345 3536 hunc
366 3473 582 3564 antiquarum
603 3471 793 3540 litterarum
814 3471 1012 3549 antistitem,
1040 3469 1100 3559 qui

2 3651 3 3658 ἵ
47 3573 181 3660 primus
206 3595 287 3640 cum
308 3573 352 3640 ed
373 3574 656 3657 emendationem,
681 3593 753 3642 tum
776 3572 819 3642 ed
839 3573 1021 3666 perfectam
1045 3595 1102 3637 cx·
1160 3597 1164 3609 ’

2 3664 3 3690 ’
42 3671 268 3768 plicationcm
290 3677 431 3746 candide
453 3679 561 3746 secem
582 3679 757 3772 praetulit,
781 3699 986 3770 quamquam
1008 3677 1103 3742 criti-

42 3803 166 3848 corum
192 3779 373 3870 diligentia
392 3784 498 3875 probe
522 3783 724 3850 satisfactum
752 3800 800 3848 est
826 3781 993 3847 lectorum
1015 3779 1104 3848 desi-

42 3881 158 3964 deriis,
185 3885 214 3950 si
238 3901 351 3950 tamen
366 3883 408 3950 ud
423 3885 659 3978 intelligendos
674 3893 824 3954 oratores
838 3881 987 3950 subsidia
1001 3910 1105 3978 quae-

40 3990 84 4055 ris
109 3987 252 4069 idoneo‚
276 3987 392 4056 miultis
416 4014 470 4058 eos
493 3991 728 4082 intentatisqne
747 3987 1001 4055 difficultatibus
1021 3989 1104 4058 odeo

726 4103 745 4160 1
