2706 4782
719 255 739 320 8

650 348 808 363 mt-

208 448 319 504 terum
348 417 510 522 quantum
543 430 580 494 ln
612 427 707 496 nobis
738 443 823 505 erat,
858 451 994 519 operam
1017 423 1187 506 dedimus,
1220 445 1263 494 ut

209 530 412 600 elaborando
436 529 566 624 aliquid
588 531 817 624 proficeretur.
855 529 1095 612 Quamobrem
1126 532 1154 596 si
1187 556 1264 608 non

210 639 247 704 in
269 638 368 703 rebus
390 660 511 728 parum
532 635 719 716 fructuosis,
741 659 804 700 nec
820 634 940 700 frustra
952 632 1128 700 desudasse
1143 637 1267 703 existi-

210 741 393 823 mabimur,
427 742 503 808 satis
524 729 678 810 laborum
699 739 826 806 fruetus
849 739 945 807 nobis
967 737 1158 806 ridebimur
1180 765 1268 832 per-

211 831 372 942 cepisse,

299 1159 356 1226 Ad
378 1161 484 1252 ipsam
506 1160 611 1254 igitur
639 1183 712 1228 rem
746 1157 980 1226 accedentibus
1002 1157 1045 1224 dc
1073 1159 1185 1250 operis
1209 1161 1269 1226 in-

215 1263 374 1331 stituendi
396 1266 526 1332 ratione
548 1263 803 1357 praemonenda
820 1287 888 1330 esse
911 1260 1077 1355 quaedam
1092 1261 1265 1331 videntur.

214 1367 351 1434 Etenim
375 1367 504 1436 casola
533 1370 613 1436 libri
639 1371 738 1436 huius
768 1369 988 1459 inscriptione
1018 1391 1091 1432 eam
1123 1367 1265 1436 fortasse

216 1473 386 1564 quispiam
409 1475 604 1567 opinionem
625 1476 663 1539 in
685 1476 835 1540 animum
856 1468 1038 1553 induxerit',
1062 1471 1264 1542 observatio-

215 1599 299 1642 num
320 1577 555 1645 historicarum
577 1580 768 1672 congeriem
797 1575 992 1644 collecturos
1022 1600 1083 1642 nos
1118 1600 1185 1642 esse
1215 1575 1260 1642 ad

216 1703 290 1746 eam
318 1705 434 1748 rerum
464 1684 585 1749 scriem
614 1681 912 1761 accommodatam,
950 1705 1017 1774 qua
1044 1680 1082 1746 in
1113 1681 1256 1748 oratione

216 1785 289 1876 ipsa
322 1810 437 1856 earum
468 1789 594 1855 mentio
626 1788 693 1855 fiat.
745 1788 922 1880 Aptiorem
949 1786 996 1850 ita
1023 1786 1101 1850 usui
1125 1784 1263 1851 fortasse

216 1887 343 1956 librum
365 1890 644 1972 reddidissemus,
676 1893 714 1957 in
743 1915 811 1984 quo
835 1887 1003 1961 lectorin
1033 1891 1182 1956 oratione
1206 1912 1266 1957 oc-

217 2011 355 2084 cupatus
378 1995 489 2059 statim
511 1996 548 2059 in
563 2019 628 2087 qua
649 2018 764 2060 rerum
787 1993 984 2060 obscuritate
998 1990 1183 2075 offenderit,
1208 2019 1267 2061 ex·
1347 2027 1349 2070 t

215 2094 383 2188 planetam
406 2098 579 2190 reperiret.
626 2095 726 2180 Quod
755 2116 866 2182 tamen
900 2123 1008 2192 quum
1034 2097 1091 2164 alii
1118 2101 1268 2168 orationi
1348 2111 1349 2114 ’

216 2224 352 2292 prorsus
376 2203 583 2284 conveniret,
612 2203 647 2268 in
672 2203 907 2273 Demosthenis
938 2201 979 2268 de
1011 2225 1135 2270 corona
1162 2207 1271 2291 nimis,

218 2305 471 2372 incommodum
495 2325 587 2374 esset.
633 2308 832 2400 Perpetuam
860 2308 971 2398 potius
993 2331 1107 2374 rerum
1130 2331 1269 2374 cnarra-

217 2410 344 2499 tionem
367 2413 526 2481 orationis
550 2413 655 2508 ipsius
678 2412 827 2480 conditio
858 2413 992 2502 exigere
1020 2413 1117 2478 nobis
1145 2414 1269 2506 ntique
1347 2431 1349 2442 ⁴

218 2513 401 2584 videbatur.
447 2515 503 2583 Ad
519 2517 613 2610 quod
635 2521 727 2583 enim
741 2535 910 2584 oratorum
929 2518 1106 2608 interpreti
1122 2519 1268 2584 maxime

220 2619 430 2698 tendendum
452 2643 521 2684 esse
542 2619 741 2699 iudicamus,
764 2637 802 2684 nt
816 2619 960 2685 vividam
977 2637 1166 2711 temporum
1181 2623 1264 2685 ima-

220 2723 333 2810 ginem
357 2721 519 2800 exhibeat,
542 2719 729 2812 lectorique
752 2745 789 2786 ea
812 2722 959 2788 subsidia
981 2741 1168 2814 comparet,
1192 2724 1268 2813 qui-

159 2877 161 2885 ,
218 2824 281 2888 bus
306 2823 439 2890 auditor
473 2823 556 2889 olim
586 2825 765 2892 instructus
796 2825 914 2914 fuerit,
946 2826 984 2892 id
1013 2828 1052 2892 in
1078 2825 1172 2892 nulla
1203 2825 1270 2892 alia

220 2929 369 2994 oratione
403 2926 517 2995 locum
546 2945 614 2994 tam
640 2931 817 3022 proprium
848 2929 965 3012 habet,
1001 2956 1102 3024 quam
1138 2932 1175 2996 in
1205 2931 1270 2998 hac
1349 2951 1350 2983 r

219 3031 453 3099 Demosthenis
477 3033 519 3100 de
543 3056 676 3115 corona,
700 3059 785 3125 quae
799 3050 800 3056 ’
814 3059 919 3126 quum
942 3052 1044 3102 totam
1068 3035 1298 3116 Demosthe--

220 3137 273 3200 nis
301 3136 402 3202 vitam
432 3139 468 3203 in
498 3137 733 3229 'gubernaculis
753 3137 974 3231 ,reipublicae
1009 3140 1186 3206 contritam
1215 3165 1273 3205 rc-

221 3259 430 3330 praesentet,
453 3239 794 3336 ipsaquodammodo
825 3245 999 3310 universae
1031 3242 1120 3310 illius
1152 3245 1270 3310 aetatis

222 3344 430 3413 adumbratio
454 3363 511 3428 est,
536 3373 603 3439 qua
619 3349 855 3414 Demosthenis
870 3346 1040 3439 publicam
1056 3346 1274 3414 administra·

222 3449 349 3514 tionem
372 3451 658 3542 circumscriptam
681 3474 749 3518 csse
774 3469 909 3520 constat.
954 3451 1011 3518 Ad
1036 3477 1143 3518 unum
1166 3455 1273 3546 igitur
1349 3477 1350 3486 ¹

222 3569 352 3647 tempus
366 3556 570 3646 pertinentia
585 3553 751 3622 noluimus
775 3555 940 3638 didicere,
963 3555 1088 3623 sedvel
1108 3581 1156 3636 ea,
1181 3581 1273 3646 quae

126 3723 127 3728 ,
223 3681 262 3721 cx
286 3659 461 3726 artificiosa
479 3660 636 3727 orationis
659 3661 898 3752 compositione
915 3659 1053 3728 disiecta
1073 3679 1177 3743 erant,
1201 3660 1275 3728 col-

223 3760 327 3849 ligere
349 3767 463 3858 potius
487 3768 579 3831 etin
603 3789 707 3830 unum
731 3764 898 3846 conferre,
927 3783 965 3832 ut
984 3784 1150 3858 perpetua
1173 3790 1273 3830 enar·

222 3869 350 3933 ratione
384 3891 452 3935 una
491 3871 603 3935 aetatis
638 3871 745 3961 imago
776 3868 893 3937 lectori
931 3869 1111 3964 spectanda
1144 3894 1301 3962 propo-
1349 3869 1350 3952 ζ

204 3976 372 4076 'neretum
437 3973 506 4042 Sed
549 3975 633 4042 t'utio
679 3973 761 4042 baec
796 3974 957 4048 unive1se
986 3975 1183 4075 significata
1226 3997 1272 4048 ex
