2750 4772
93 477 223 568 sthenes
244 494 376 563 disserit
396 477 445 588 (p.
469 515 532 588 277
555 509 589 562 et
610 496 697 578 adt),
721 479 770 560 ibi
779 491 982 561 Aeschinem
992 481 1134 572 omnino.

92 627 162 672 non
184 603 301 692 tangit,
323 623 436 693 neque
458 621 535 667 eum
557 597 690 692 alteriue
713 597 841 666 decreti
855 598 1135 691 Amphictyoniei¹

94 707 136 774 de
156 705 317 799 Philippo
346 705 383 770 in
406 702 582 770 Graeciam
610 701 783 770 invitando
813 719 982 770 auctorem
1010 705 1131 796 arguit,

94 805 152 878 sed
174 810 305 878 excitati
326 805 536 876 solummodo
557 803 638 874 belli
649 805 936 899 Amphictyoniei,
957 831 1020 898 per
1038 805 1133 900 quod

94 917 130 980 in
162 914 338 982 Graeciam
373 909 554 979 invadendi
594 933 673 976 ansa
705 905 875 1005 Philippo
894 909 1045 1004 praehite
1077 912 1130 978 sit.
1187 941 1188 944 ¹

96 1018 302 1111 Denique'
276 1041 306 1084 st
333 1015 536 1083 Aeschinem
564 1016 671 1091 etiam
695 1016 817 1082 aestivo
839 1013 892 1080 illi
914 1015 1089 1083 concilio'
1079 1041 1134 1083 ιιι
1153 1091 1157 1102 Δ

97 1139 216 1189 teresse
239 1121 429 1214 oportebat,
456 1135 587 1214 poterat
607 1141 686 1186 sane
713 1109 1008 1188 Hecatombaeouis
1031 1117 1134 1188 XXX

95 1224 258 1317 legatione
279 1224 323 1291 ad
344 1224 543 1319 Philippum
566 1237 732 1316 suscepta,
760 1246 875 1292 mense
901 1224 969 1291 iem
992 1225 1135 1316 Metapi-

97 1332 211 1399 tnione
233 1353 270 1398 ex
291 1329 413 1415 itinere
434 1327 532 1422 Pylas
554 1349 704 1398 reversus
734 1351 821 1412 esse,
855 1329 935 1450 <pria
956 1327 1134 1396 celerrime

95 1431 347 1528 properandum
369 1404 491 1552 legatis
522 1457 558 1499 ex
585 1432 719 1500 decreto
748 1449 835 1514 erat,
866 1433 932 1499 iter
959 1449 1071 1500 autem
1095 1433 1134 1500 in

96 1519 385 1634 Hellespontum
374 1561 486 1630 ipsum
507 1536 624 1605 decem
652 1534 785 1618 diebus,
819 1538 902 1628 quin
924 1538 1029 1606 tribus
1052 1560 1135 1630 qua-

96 1659 209 1711 tuorve
238 1639 367 1715 absolui
389 1664 486 1734 posse
523 1639 764 1710 Demosthenes
793 1639 967 1709 contendit
993 1641 1037 1708 de
1064 1665 1136 1710 cor.-
1199 1699 1205 1715 ι

95 1773 129 1839 p.
153 1749 227 1817 235
235 1748 268 1833 *l

184 1851 302 1944 Itaque
333 1849 502 1918 decretum
533 1847 622 1918 illud
649 1850 742 1917 omni
770 1871 810 1916 ex
840 1867 934 1942 parte
961 1835 1027 1916 huc
1047 1849 1135 1917 refe·

96 1953 241 2023 rendum
263 1951 437 2060 ιίἆιιιιι,”
426 1977 606 2050 ipsumque
626 1955 717 2046 pacis
738 1971 815 2047 post
835 1954 986 2047 Byzantii
1012 1953 1138 2022 libera

98 2063 225 2127 tionem
264 2057 474 2150 compositae
486 2055 748 2126 firmissimum
795 2075 844 2125 est
887 2057 1135 2128 documentum.

99 2162 244 2267 Quod'
218 2188 247 2230 st
269 2179 326 2246 est,
348 2185 410 2255 pax
432 2161 513 2229 haec
535 2186 606 2246 uon
628 2162 787 2232 contiuuo
809 2145 886 2255 post
907 2163 1049 2231 solutam
1069 2164 1136 2256 By-

15 2289 16 2298 *
98 2259 199 2334 nautii
223 2264 431 2335 ohsidionem
453 2269 635 2358 composita
656 2269 708 2349 sit,
730 2264 789 2334 sed
815 2266 943 2360 aliquot
963 2268 1135 2335 mensibus

15 2381 16 2420 i
98 2390 187 2464 post,
221 2369 258 2438 id
291 2369 384 2463 quod
414 2371 615 2437 confirmant
640 2371 829 2439 testimonia
852 2370 1006 2439 debello
1029 2373 1137 2439 conti-

99 2493 220 2557 nuato,
254 2497 339 2567 quae
372 2495 472 2566 supra
501 2471 680 2541 attulimus.
740 2475 842 2540 Res
832 2476 933 2568 agitur
967 2483 1136 2568 postremo
1219 2561 1222 2570 Ι

101 2581 267 2674 expositae
288 2581 336 2646 ita
355 2579 423 2646 iam
445 2577 652 2647 ordinandae
674 2576 845 2646 videntur.

110 2723 112 2726 ·
185 2683 365 2776 Philippus
404 2683 590 2794 intermissa
623 2683 776 2774 Byzantii
818 2679 993 2772 obsidione
1024 2684 1136 2780 primo
1182 2747 1188 2764 ,

15 2845 16 2848 ,
101 2807 189 2854 vere
185 2787 340 2882 Olymp.
364 2785 445 2871 CX,
482 2811 493 2855 ι
528 2788 566 2852 in
588 2785 760 2880 Scythiam
780 2767 1014 2918 proficiscitur.
1058 2786 1138 2921 Ela-

101 2985 412 3004 Ἤ
521 2983 523 2988 “

145 3103 170 3184 )
192 3103 346 3184 Ceterum,
377 3105 460 3188 quod
484 3107 695 3166 Demosthenes
722 3106 891 3167 Aeschinem
916 3097 983 3189 post
1010 3129 1139 3191 pugnam

191 3193 421 3253 Chaeronensem
446 3193 523 3254 ultro
552 3193 589 3254 ad
603 3192 786 3299 Philippum
797 3213 1003 3300 properasse
1003 3196 1140 3302 legatum

193 3259 281 3358 dicit,
309 3277 360 3342 καὶ
381 3277 482 3342 ταῦτ’
493 3274 738 3387 ἀρνούμενοι
759 3275 881 3342 πάντα
901 3274 971 3342 τὸν
992 3275 1140 3388 ἔμπρο-

193 3363 287 3429 σθεν
304 3359 446 3450 χρόνον
466 3363 611 3448 ταύτην
631 3361 696 3447 τὴν
706 3364 833 3451 χρείαν,
858 3359 913 3440 ὡς
921 3361 1053 3442 πάντες
1054 3363 1140 3431 ἴσασι
1164 3415 1166 3419 ‚

193 3449 247 3534 (de
269 3476 329 3514 cor.
349 3477 381 3536 p.
407 3451 499 3538 319),
521 3479 554 3516 ea
576 3455 717 3515 nemiuem
745 3455 899 3515 offendant.
942 3457 1042 3538 Potuit
1064 3456 1141 3516 enim
1178 3497 1180 3502 κ

192 3541 349 3602 Aeschines
377 3541 579 3625 legationem
583 3544 662 3626 pacis
699 3564 783 3603 causa
816 3542 897 3604 obire
928 3543 974 3603 Ol.
1009 3543 1083 3620 CX,
1122 3563 1143 3604 ι·
1241 3555 1243 3562 ’

194 3627 459 3707 Hecatomhaeone,
489 3630 566 3691 idem
595 3645 699 3712 postea
719 3629 797 3690 idem
818 3651 920 3690 munus
943 3631 1062 3706 eiurare,
1083 3629 1142 3690 sci·

144 3755 148 3760 -
194 3715 262 3775 licet
283 3715 364 3774 hello
387 3732 497 3777 exorto.
541 3719 614 3778 Nam
642 3715 688 3776 his
718 3715 821 3776 eodem
849 3716 942 3776 adhuc
962 3737 1036 3776 auno
1058 3717 1142 3778 missa

175 3811 241 3863 est
262 3802 300 3862 ad
320 3803 488 3886 Philippum
514 3805 636 3886 legatio,
664 3804 752 3864 altera
780 3803 1008 3885 Elapltebolioue
1035 3825 1142 3882 mense,

197 3888 283 3950 altera
298 3889 502 3972 Munychione.
546 3891 626 3951 Idem
648 3905 677 3950 et
698 3905 787 3968 autea,
809 3892 886 3972 pacis
876 3887 1057 3992 intervallo,
1071 3912 1142 3952 uus·

198 3998 284 4058 quam
315 3971 457 4079 legatus,
447 3977 485 4037 ad
502 3973 669 4066 Philippum
695 3992 883 4054 memoratur,
904 3991 936 4036 ut
964 3977 1068 4062 legatio
1095 3977 1142 4038 itta

199 4063 247 4124 Ol.
274 4063 346 4139 CX,
384 4085 395 4122 ι
428 4066 543 4124 ineunte
573 4079 704 4146 suscepta
732 4066 813 4124 unica
843 4061 979 4156 luerit,
961 4085 1047 4148 qnam
1069 4063 1142 4127 inter
1192 4145 1194 4150 Α

29 4157 31 4162 “
201 4146 249 4210 01.
272 4107 376 4227 Cvtll,
399 4171 416 4212 ι
441 4166 470 4210 et
491 4149 558 4228 CX,
582 4151 777 4214 3Aese'ltiues
799 4141 926 4212 obierit.
960 4215 963 4222 ,
