2740 4774
71 428 200 498 ridemo
224 426 476 522 disputabimus.
522 425 784 511 Quamobrem
806 449 850 494 ne
863 423 1011 495 Phocion
1034 428 1110 519 qui-

73 533 150 603 dem
188 555 267 599 cum
306 531 562 602 Atheniensium
590 529 746 597 subsidiis
775 531 927 598 Persicae
954 528 1108 599 adversus

72 634 275 704 Salaminem
292 633 507 726 'expeditioni
536 633 825 716 interfuisse,.sed
855 634 943 702 solus
970 653 1110 728 propter

71 740 334 832 imperatoriam·
351 735 494 830 gloriam
533 739 689 804 invitatus
728 738 890 832 classique
925 739 1110 830 praefectus

71 843 205 910 videtur
239 860 272 912 et
292 843 523 924 mercenariis,
545 840 681 910 fortasse
704 841 857 926 Graecis,
881 866 963 935 quos
986 849 1111 912 eondu-

71 957 163 1030 xerat
183 945 313 1014 ldrieus
335 945 520 1014 secundnm
540 944 681 1014 Diodor.
702 943 726 1011 l.
749 971 777 1013 c.

141 1051 289 1118 'Verum
311 1049 513 1118 concedatur
535 1048 631 1131 lieet,
659 1049 756 1117 missa
784 1048 938 1118 adversus
970 1049 1111 1118 Salami-

73 1177 153 1222 nem
182 1152 344 1246 Cypriani
368 1154 624 1222 Atheniensium
654 1155 752 1220 etiam
780 1153 926 1221 subsidia
955 1179 1039 1241 essc3
1073 1181 1111 1223 ea

75 1276 163 1326 certe
186 1257 374 1350 expeditio,
408 1281 494 1350 quae
516 1258 694 1350 posteriori
717 1257 850 1325 decreto
874 1283 1113 1328 commemora·
1167 1260 1171 1266 ’
1205 1313 1209 1322 .

73 1380 140 1442 tur,
164 1385 241 1428 oum
262 1359 334 1436 illis,
351 1361 494 1430 conferri
515 1362 654 1428 mininie
667 1380 786 1453 potest.
830 1363 919 1428 Tum
941 1366 1033 1430 enim
1052 1363 1114 1432 de-

75 1460 164 1538 creta
185 1464 361 1532 referenda
383 1481 491 1536 esseut
512 1463 554 1532 ad
575 1463 854 1534 Boedromionem
877 1466 932 1534 01.
951 1467 1058 1551 CVII,
1082 1471 1113 1538 3.

42 1625 46 1628 .
78 1571 208 1656 Quibus
242 1587 405 1661 quantum
425 1631 427 1636 .
447 1587 479 1635 et
514 1568 744 1635 Panathenaea
762 1571 897 1664 Magna
925 1590 1114 1664 repugnent
1167 1604 1169 1608 ·
1228 1625 1230 1632 s

77 1693 111 1743 et
131 1673 297 1742 Nausiclis
324 1676 361 1739 in
384 1671 534 1738 imbrum
556 1670 743 1765 expeditio,
775 1697 815 1740 ex
845 1675 1114 1745 antecedentibus

77 1778 196 1873 liquet.
276 1781 289 1850 ἑ

165 1885 269 1952 Porro
292 1883 353 1974 qui
375 1879 766 1977 Salaminemaudiehat,
797 1904 866 1950 non
892 1899 1024 1977 poterat
1044 1907 1115 1952 non

80 1987 123 2056 de
144 1989 251 2056 vicina
273 1984 386 2053 insula
416 1988 568 2076 cogitare.
595 1977 652 2072 ,Si
682 1988 787 2078 igitur
814 1987 978 2080 expeditio
1001 1987 1117 2056 adver-

79 2116 133 2160 sus
165 2091 271 2184 Cypri
309 2087 511 2158 Salaminem
547 2089 767 2182 significanda
801 2091 931 2175 luisset,
965 2091 1118 2162 additum

80 2209 284 2289 exspectares
311 2197 354 2272 εἷς
388 2199 552 2280 Σαλαμῖνα
572 2195 797 2286 ,Kdnpoo.*)
851 2197 971 2290 Neque
1003 2200 1118 2267 verisi-

79 2301 163 2368 mile
188 2318 252 2381 est,
278 2323 442 2390 pugnam,
480 2322 563 2390 quae
593 2301 631 2365 in
666 2299 849 2367 obsidenda
878 2303 960 2368 urbe
991 2291 1118 2394 Cypria

81 2405 257 2473 commissa
278 2403 409 2482 fuisses
433 2426 472 2468 ex
493 2401 633 2493 parvulo'
653 2402 714 2472 illo
736 2406 858 2487 fluvio,
890 2407 949 2498 qui
977 2405 1119 2474 Salami-

80 2533 162 2574 nem
199 2506 456 2599 praeterfluebat
488 2506 531 2594 (v.
562 2530 663 2597 supra
689 2532 723 2599 p.
758 2507 828 2595 64),
858 2508 1026 2576 nominari
1054 2533 1124 2603 po-·

82 2616 192 2678 tuisse.
237 2612 343 2704 Immo
356 2607 495 2702 quumd
518 2610 702 2695 ποταμός,
727 2614 848 2680 omisso
862 2615 1009 2696 nomine,
1031 2638 1118 2682 non-

83 2715 150 2780 nisi
172 2733 289 2796 notum
307 2715 433 2780 flumen
449 2715 560 2781 vocari
573 2715 728 2806 potuerit,
749 2715 807 2801 τὴν
828 2719 885 2782 ἐπὶ
906 2713 975 2784 ’τοῦ
997 2743 1120 2786 ποτα-

82 2825 154 2903 μοῦ
175 2819 279 2905 μάχην
300 2817 343 2884 ad
364 2819 510 2885 vicinum
531 2818 643 2886 locum
664 2821 801 2886 omnino
825 2845 893 2887 esse
907 2821 1121 2905 referendum

82 2941 183 3014 patet.
220 2922 319 3006 Quod
331 2945 408 2988 sane
422 2945 493 2988 non
508 2922 648 3014 quadrat
661 2925 726 2990 nisi
738 2921 780 2988 ad
794 2924 931 2990 fluvium
941 2927 1119 3012 Bocaliam,

85 3028 144 3119 qui
166 3017 366 3092 Salaminem
387 3027 534 3110 Atticam
563 3023 774 3093 interfluebat
803 3034 843 3110 (v.
872 3045 973 3121 supra
995 3055 1029 3123 p.
1052 3033 1120 3122 63).

85 3130 135 3197 Ita
162 3154 198 3196 ex
227 3129 356 3194 duabus
392 3132 532 3221 pugnis,
571 3153 656 3221 quae
687 3130 817 3197 cladem
852 3132 1121 3202 Chaeronensem
1191 3202 1192 3205 ,

84 3251 331 3324 praecesserant
354 3233 410 3300 ol.
435 3232 516 3314 CX,
546 3235 656 3316 3in.,
685 3232 786 3301 altera
813 3236 861 3302 ἐπὶ
889 3245 1032 3323 ποταμοῦ
1064 3264 1122 3307 vo·
1212 3261 1215 3270 ¹

85 3355 179 3404 catur
217 3337 274 3424 (de
316 3360 383 3404 cor.
425 3362 459 3429 p.
499 3339 590 3422 300),
635 3337 728 3430 quod
765 3337 810 3424 ad
846 3339 929 3408 fines
965 3344 1120 3412 Boeotiae
1179 3372 1180 3375 ¹

126 3635 154 3717 Γ)
175 3639 290 3698 Dixeris
320 3639 403 3697 etiam
431 3633 490 3698 ἐπὶ
517 3637 625 3714 ioth„
643 3640 755 3723 quippe
787 3664 844 3702 non
871 3643 1039 3705 Salaminem
1070 3645 1124 3706 sed

173 3724 308 3785 adversus
329 3725 508 3798 Salaminem
531 3725 584 3785 sed
599 3743 761 3787 'occurrunt
783 3731 865 3789 etiam
882 3725 1043 3802 inidiotis
1071 3730 1124 3804 εΙς

166 3805 383 3892 ''Olorilovap
395 3814 479 3872 Dein.
490 3811 564 3872 Mid.
586 3835 616 3894 p.
640 3814 712 3891 566,
734 3814 786 3873 uhi
807 3817 970 3899 largitiones
981 3817 1018 3877 ad
1034 3840 1124 3902 expe-

127 3949 131 3956 .
174 3897 310 3960 ditionem
332 3897 467 3960 adversus
480 3899 636 3977 Olynthum
651 3901 859 3983 suscipiendam
880 3905 998 3986 intelligi
1021 3911 1124 3988 sponte

174 3998 261 4064 pnet.
306 3985 354 4044 Sic
376 3986 475 4044 etiam:
504 3981 750 4067 Πελοποννήσιοι
783 3983 989 4071 ἔστράτευσαν
1016 3990 1047 4066 ἐς
1068 3987 1126 4075 τὴν
1185 4005 1189 4014 “

168 4061 309 4149 Ἀττικήν
330 4092 375 4156 ap.
398 4073 491 4134 Thuo.
514 4071 562 4152 ΙΙΙ,
584 4085 615 4134 ἰ.
768 4141 771 4148 ,
1041 4097 1044 4102 ·
1179 4085 1180 4088 ’
