2740 4774
504 317 661 458 ..urg

63 519 154 600 δεινὸς
174 521 195 607 ἢ
217 517 426 604 deunculum
448 519 507 590 thr
524 521 652 610 κήρυκα,
676 519 731 588 teu
750 522 795 609 μὴ
807 523 987 610 ψηφίσηται
1006 522 1104 612 tot,-

59 651 132 709 μσς.
176 623 249 692 lloc
282 625 435 708 initium,
470 623 562 717 quod
596 635 760 693 summam
788 624 870 716 legis
904 627 1103 710 continebat,

59 743 174 795 secuta
203 727 383 795 verisimile
419 747 468 796 est
501 725 629 818 singula
663 726 745 820 legis
786 731 894 822 capita
924 729 966 796 de
1002 735 1102 819 servis

59 855 165 898 manu
186 830 370 914 mittendis,
394 830 436 899 dc
460 832 640 922 tribulibus
671 833 889 913 coronandis,
922 851 994 900 tum
1015 834 1103 902 illud

60 934 105 1002 de
128 932 226 1002 demo
250 936 411 1017 accensis,
442 934 534 1028 quod
566 937 602 1002 in
633 956 682 1002 or.
707 936 839 1006 decor.
872 935 1012 1028 legitur,
1047 941 1101 1005 cui

59 1062 141 1106 sane
163 1057 422 1124 consentaneum
446 1057 494 1107 est
516 1027 626 1107 addita
648 1041 690 1106 ab
710 1053 862 1108 'accurato
891 1039 973 1131 legis
996 1042 1100 1110 latore

59 1165 131 1210 esse
154 1160 299 1220 extrema
321 1143 395 1210 illa:
419 1143 473 1211 ἐὰν
492 1142 538 1230 μή
560 1169 647 1221 τινας
668 1143 685 1209 ὃ
709 1147 808 1229 δῆμος
830 1141 847 1209 ὃ
870 1151 932 1211 τῶν
947 1145 1099 1232 Ἀθηναί-
1153 1195 1157 1210 .

59 1273 104 1314 σιν
134 1243 202 1333 ἢῆ
224 1247 323 1334 βουλὴ
346 1258 503 1337 στεφανοῖ,
527 1271 570 1313 ne
594 1248 668 1340 quis
697 1247 783 1317 forte
804 1245 842 1312 id
863 1246 957 1340 quod
978 1247 1020 1314 ad
1042 1249 1101 1336 δή-

56 1376 139 1436 μους
163 1351 329 1441 pertineat
354 1375 454 1452 praua
474 1350 748 1442 interpretatione
771 1351 814 1416 ad
840 1351 897 1418 τὸν
923 1353 1075 1438 δῆμον
1043 1379 1099 1420 τικ

52 1455 232 1540 Ἀθηναίων
254 1446 455 1524 extenderet.
501 1454 570 1522 Sed
591 1455 722 1550 singula
743 1455 825 1522 haec
849 1458 956 1576 capita
978 1456 1098 1523 omissa

59 1559 102 1624 ab
122 1557 289 1625 Aeschine
310 1577 404 1642 sunt,
434 1561 563 1664 qnippe
596 1560 689 1652 quod
710 1541 918 1628 malevolae
917 1561 987 1626 eius
1013 1559 1096 1650 legis

59 1663 325 1754 interpretationi
358 1686 573 1756 nequaquam
600 1663 764 1746 faverent,
804 1680 842 1729 ut
871 1665 902 1728 ei
923 1666 1097 1770 verissime

55 1767 298 1834 Demosthenes
328 1767 478 1834 obiiciat.
494 1769 545 1834 ’σι’
570 1778 849 1858 conopamelc-
879 1761 995 1852 νόμοις
1022 1792 1097 1844 ταας
1200 1785 1203 1794 “

53 1873 114 1956 μὲν
133 1877 327 1962 μιταιισιακ,
359 1877 423 1938 τῶν
443 1871 510 1938 δ”
492 1898 636 1961 αφαιρων
656 1874 753 1960 μέρη,
785 1870 839 1948 ους
866 1871 957 1949 ὅλους
978 1870 1097 1938 δίκαιον

52 1969 94 2062 ἦν
116 1975 401 2061 ἀναγιγνώσκεσθαι
429 1986 495 2053 τοῖς
521 1979 548 2062 γ’
578 1975 756 2062 ὀμωμοκόσι
777 1975 857 2042 κατὰ
886 1976 961 2052 τοὺς
980 1965 1095 2060 νόμοις

52 2085 248 2167 ψηφιεῖσθαι
274 2077 333 2164 (de
360 2099 428 2145 cor.
465 2103 499 2171 p.
529 2080 616 2169 268).
671 2081 763 2162 Quae
804 2102 909 2172 quum
939 2079 988 2145 ita
1017 2079 1095 2159 sint,

53 2181 145 2248 nihil
167 2182 281 2248 obesse
304 2181 455 2264 ridetur,
487 2185 665 2274 quominus
697 2183 780 2251 haec
809 2184 908 2250 ctiam
929 2181 981 2248 lex
1002 2207 1022 2247 a
1042 2203 1097 2246 re·

53 2287 206 2354 centiore
232 2283 304 2354 viro
327 2284 426 2354 docto
451 2287 599 2354 vorauoni
633 2289 757 2355 inserta
784 2305 952 2355 statuatur.
1004 2285 1095 2368 Quin
1142 2285 1162 2343 .’
1214 2291 1219 2306 ‘

52 2393 127 2460 eins
148 2414 261 2464 rursus
287 2385 461 2481 vestigium
494 2387 725 2483 deprehendas
751 2393 789 2457 iu
816 2391 940 2456 verbis:
969 2387 1023 2456 ἐὰν
1049 2387 1094 2480 μή

51 2521 143 2573 τινας
163 2492 181 2561 ὅ
205 2499 303 2582 δῆμος
329 2491 346 2559 ὃ
374 2500 436 2560 τῶν
458 2494 530 2561 Ἀθ.
562 2492 745 2581 ἢῆβσυλὴ
768 2503 980 2587 creparet,
1008 2492 1094 2558 Nam

52 2603 93 2667 in
122 2599 174 2666 his
205 2597 448 2666 Demosthenes
482 2597 614 2692 legebat
642 2601 838 2688 ψηφίσηται
866 2595 1001 2679 ἀκούεις,
1024 2599 1095 2662 Ἀἶ-

52 2705 157 2790 σχίκη,
180 2710 237 2786 ταῦ
258 2700 356 2788 νόμον
384 2703 526 2789 λέγοντος
553 2709 663 2792 σαφῶς
689 2703 770 2789 πλὴν
802 2701 855 2770 ἐάν
884 2728 970 2779 τινας
994 2697 1011 2766 ὁ
1035 2703 1094 2786 δῆ-

50 2834 115 2894 μος
132 2807 156 2893 ἢ
177 2804 198 2893 ἦ
220 2807 318 2891 βουλὴ
340 2809 581 2896 ψηφίσηται·
611 2833 646 2899 p.
671 2807 733 2897 267
765 2823 843 2875 extr.
889 2804 985 2894 Idem
1005 2803 1105 2894 lege--

51 2914 114 2978 bat
139 2912 332 2994 Aeschines.
385 2911 427 2977 V.
449 2921 502 2979 or.
542 2913 579 2976 in
614 2913 702 2978 Ctes.
731 2935 765 3002 p.
802 2911 954 2980 58‘'cxtr.
988 2935 1022 3000 p.
1050 2909 1100 2984 60,

53 3013 144 3082 med
166 3015 228 3081 bis.
273 3015 346 3082 Hoc
369 3015 472 3106 igitur
492 3017 608 3108 utique
638 3016 799 3104 scriptum
827 3013 989 3078 fueritin
1011 3011 1115 3104 legisx
1163 3084 1166 3089 ,

51 3119 276 3213 autographo,
308 3133 375 3210 quo
409 3119 461 3184 nsi
490 3137 634 3192 oratores
662 3134 750 3183 sunt.
798 3118 913 3209 Itaque
940 3139 1004 3210 pro
1026 3134 1094 3201 us-

50 3225 182 3314 φίσηται
204 3223 384 3313 repositam
411 3246 528 3290 vocem
559 3221 711 3310 στεφακοῖ
734 3219 900 3288 invenisse
923 3220 1095 3287 virumil
1111 3263 1117 3278 ·

50 3329 126 3394 lum
150 3323 369 3395 statuendum
398 3345 446 3394 cst
472 3329 510 3417 in
540 3350 579 3392 eo
602 3325 684 3417 legis
717 3323 914 3418 exemplari,
953 3349 996 3392 ex
1025 3347 1093 3460 quo
1116 3340 1123 3372 ⁵
1206 3313 1212 3327 ’

51 3457 128 3500 eam
149 3431 393 3536 descripserit.
1180 3499 1184 3508 ,

146 3535 276 3620 Quod
267 3539 367 3628 igitur
388 3559 485 3626 supra
508 3533 696 3601 clarissimis
724 3535 926 3626 argumentis
956 3518 1097 3601 demon·
1181 3577 1183 3580 -

56 3659 177 3706 strasse
198 3640 295 3707 nobis
318 3639 480 3718 videmur,
505 3637 637 3704 decreta
659 3636 718 3704 illa
744 3655 875 3706 senatus
896 3637 1095 3730 populique,

57 3744 183 3835 quihus
213 3725 478 3810 adnumerandae
517 3743 678 3809 nimirum
709 3744 808 3808 etiam
841 3761 918 3830 suut
947 3739 1097 3834 Philippi
1198 3815 1201 3822 ,

58 3848 219 3940 epistolae
251 3865 283 3914 et
311 3845 463 3938 dogmata
496 3845 801 3937 Amphictyonum,
847 3847 974 3938 quippe
1013 3871 1099 3935 quae
1133 3855 1135 3860 '

60 3954 167 4019 etiam
193 3955 230 4018 in
270 3950 428 4018 tabulario
459 3947 596 4042 publico
628 3952 773 4041 reposita
793 3949 949 4024 luerint,
980 3951 1098 4016 avico

61 4055 160 4124 docto
183 4054 330 4148 quodam
352 4052 410 4122 sed
427 4053 518 4122 ‘male
541 4054 645 4121 docto·
662 4053 805 4120 orationi
829 4053 871 4117 de
886 4075 1007 4118 corona
1030 4064 1099 4120 esse

63 4163 197 4244 inserta,
220 4159 314 4228 idem·
332 4177 369 4226 ut
390 4157 433 4226 de
454 4157 594 4251 reliquis
608 4180 744 4252 quoque
755 4158 990 4240 monumentis,
1014 4181 1100 4249 quae
