2750 4772
273 515 419 587 rubrum
459 513 667 608 aliorumque
704 515 796 583 illins
837 516 1001 584 sociorum
1041 513 1184 606 legatos,
1222 513 1307 579 inter

177 635 180 646 ·
274 643 368 714 quos,
389 636 521 712 praeter
540 619 718 702 Aenianes,
741 619 899 712 Dolopes,
922 614 1102 704 Phthiotas,
1126 618 1227 686 etiam
1243 619 1308 684 Ae·

273 724 358 806 telos
370 723 593 791 Philochorus·
602 723 695 791 affert
705 725 773 816 (ap.
785 717 922 815 Dionys.
935 721 958 789 l.
971 739 1002 790 c.
1017 726 1081 809 ιι),
1105 745 1123 787 a
1138 720 1308 788 Thebanis
1353 807 1354 814 ἶ

272 844 434 920 petentes,
457 844 496 893 ut
518 844 574 893 aut
594 851 660 896 una
681 851 793 894 seeum
822 826 1082 895 Atheniensibus
1109 824 1239 892 bellum
1259 825 1310 892 in·

272 929 391 1013 ferant,
414 948 471 998 aut
492 930 691 1025 Philippum
710 955 774 1024 per
794 955 889 1004 suam
910 950 1033 1000 terram
1045 931 1189 997 Atticam
1202 931 1310 998 sinant

219 1075 224 1080 ·
274 1035 444 1116 invadere,
467 1055 582 1102 omnes
605 1035 817 1128 eloquentiae
837 1038 871 1104 vi
893 1052 1041 1127 superat,
1065 1033 1310 1127 Thebanosque

153 1129 162 1150 ’
262 1136 318 1206 'ad
344 1137 462 1206 foedus
496 1163 574 1206 eum
609 1141 869 1207 Atheniensibus
905 1136 1091 1208 exstimulat
1125 1137 1309 1223 (Demosth.

275 1245 318 1310 de
341 1259 408 1310 eor.
430 1267 465 1335 p.
495 1246 558 1332 298
580 1245 645 1336 sq.)
652 1294 663 1326 ,
691 1243 869 1311 lenissimis
898 1244 950 1310 his
980 1242 1228 1312 conditionibus
1260 1243 1311 1310 in-

204 1357 207 1363 '
276 1345 442 1428 eundum,
471 1346 656 1415 secundum
681 1347 799 1416 Aesoh.
825 1350 866 1414 ‘in
895 1348 981 1416 Ctes.
1011 1373 1046 1441 p.
1082 1347 1124 1438 74
1156 1347 1247 1428 init,
1277 1361 1311 1414 ut

276 1468 467 1544 sumptuum
488 1454 624 1519 nonnisi
646 1453 778 1520 tertiam
799 1468 928 1545 partem
951 1452 1179 1534 contribuant,
1210 1467 1311 1518 terra·

277 1575 347 1648 que
364 1557 593 1648 principatum
620 1555 703 1623 belli
731 1559 910 1652 obtineo-nt
962 1557 1038 1640 Quo
1059 1556 1161 1637 facto,
1188 1543 1314 1622 Demo·
1353 1631 1354 1642 ,

276 1659 407 1725 sthenes
428 1661 539 1752 pergit
558 1659 598 1749 (l.
623 1685 651 1728 c.
674 1687 709 1754 p.
732 1663 822 1752 300),
846 1661 1000 1727 Thebani
1012 1660 1197 1727 invitarunt
1209 1657 1313 1728 Athe-

260 1765 426 1844 ¹nienses,
455 1763 491 1830 hi
522 1787 599 1830 cnm
627 1767 726 1831 armis
751 1767 871 1857 egressi
893 1768 1020 1849 sunt*);
1045 1765 1100 1830 i'vu
1121 1763 1191 1830 τάν
1211 1763 1313 1853 μέσῳ
1353 1785 1354 1812 l

124 1881 131 1888 '
208 1949 215 1964 .
274 1867 516 1954 παραλείπω,
542 1869 641 1947 οὕτως
662 1871 778 1946 οἰκείως
797 1866 881 1954 ὑμᾶς
903 1856 1061 1952 ίιίίχοατο,
1091 1867 1145 1948 ὦς’
1167 1866 1231 1946 ἔξω
1253 1873 1314 1935 τῶν

195 1997 198 2004 “
275 1967 416 2037 ὅπλιτῶν·
430 1974 481 2038 καί
502 1977 565 2038 ’τῶν
586 1973 703 2038 ἱππίων
724 1972 832 2056 ὄντων,
857 1975 899 2051 είς
920 1972 977 2048 τὰς
991 1974 1089 2050 οἰκίας
1104 1969 1154 2040 καί
1175 1971 1212 2046 τὸ
1237 1971 1314 2039 dcto
1353 2007 1354 2086 q

276 2075 424 2158 δέχεσθαι
449 2074 509 2161 τὴν
535 2076 685 2164 στρατιὰν
714 2077 762 2142 ἐπὶ
790 2079 905 2154 παῖδας
936 2079 986 2142 καί
1018 2087 1165 2164 γυναῖκας
1195 2078 1248 2143 καὶ
1276 2072 1314 2142 τὸ
1353 2095 1354 2168 q

275 2176 458 2260 τιμιώτατα.
505 2177 589 2244 Inde
612 2182 771 2248 continuo
795 2178 837 2244 ad
864 2177 992 2247 bellum
1014 2182 1132 2254 transit
1159 2178 1202 2246 ad
1229 2178 1313 2246 fines
1353 2173 1354 2266 l

196 2357 199 2364 ,
275 2279 431 2351 Boeotiae
452 2300 588 2372 gestum.
801 2288 805 2296 “

252 2455 256 2460 ,
365 2386 469 2453 Nobis
492 2405 622 2468 umen,
652 2384 850 2481 priusquam
877 2389 940 2457 hoc
962 2411 1214 2482 persequamur,
1237 2411 1314 2480 per-
1353 2397 1354 2480 ί

277 2488 455 2557 scrutanda
485 2515 522 2558 ea
548 2493 697 2590 primum
725 2491 896 2574 videntur,
934 2517 1021 2586 quae
1042 2493 1087 2561 'iv
1115 2495 1202 2584 μέσῳ
1229 2493 1314 2560 lacta
1331 2505 1333 2510 '

255 2593 515 2664 -Demosthenes
543 2597 711 2685 praeterit.
766 2597 816 2662 Ea
851 2621 929 2666 vero
972 2595 1116 2691 petenda
1153 2599 1314 2666 nimirum
1353 2589 1354 2594 ί

208 2745 212 2754 -
276 2716 355 2764 sunt
377 2722 413 2763 ex
435 2691 608 2765 Aeschinis
631 2722 680 2766 or.
703 2701 741 2766 in
763 2700 849 2768 Ctes.
872 2727 907 2795 p.
931 2701 983 2792 74.
1007 2719 1089 2770 extr.
1112 2727 1187 2794 sqq.

363 2801 427 2867 Hic
449 2801 760 2904 enimll'hilippum
781 2803 898 2886 refert,
933 2804 1077 2885 Graecos
1099 2829 1313 2900 nequaquam

277 2902 532 2996 despicientem,
564 2923 598 2972 et
625 2903 844 2998 periculosius
873 2909 935 2978 sibi
964 2908 1035 2979 sore
1057 2928 1186 2992 ratum,
1215 2913 1245 2978 si
1267 2933 1312 2992 ea,

277 3033 361 3100 quae
384 3008 585 3101 acquisisset,
614 3008 789 3078 commoda
817 3029 945 3079 tantum
982 2997 1020 3078 in
1048 3010 1231 3084 discrimen
1259 3037 1312 3084 ro·
1353 3053 1354 3100 ς

277 3131 376 3196 caret,
399 3132 577 3215 postquam
598 3115 703 3186 ictum
724 3113 841 3184 foedus
864 3133 947 3185 esset
973 3119 1062 3188 inter
1082 3118 1261 3190 Thebanos
1283 3134 1313 3186 et
1353 3115 1354 3190 ἐ

308 3247 311 3254 ’
1353 3229 1354 3290 ί

319 3463 343 3544 ')
363 3466 519 3530 Aeschines
542 3481 641 3528 eontra
662 3468 693 3544 (l.
715 3489 740 3528 c.
761 3491 792 3552 p.
822 3473 862 3548 73
891 3469 983 3553 med.)
1005 3471 1137 3534 invitasse
1159 3471 1311 3534 Thebanos
1353 3537 1354 3546 ς

362 3553 560 3632 Athenienses,
583 3568 737 3636 postquam
758 3555 848 3617 modo
869 3559 968 3620 Elatea
990 3573 1072 3642 capta
1094 3575 1178 3638 esset,
1200 3561 1310 3643 hosque
1353 3559 1354 3626 ζ

362 3659 493 3722 egressos
523 3637 592 3700 dicit
623 3637 695 3720 πρὶν
722 3639 791 3724 περὶ
819 3642 997 3726 συμμαχίας
1024 3642 1101 3732 μίαν
1120 3641 1312 3726 μόναναυλ-

360 3719 462 3806 λαβὴν
482 3721 609 3810 γράψαι
625 3725 847 3810 Δημοσθένην,
891 3733 952 3794 Sed
974 3733 1079 3794 invidia
1091 3731 1200 3794 dictum
1221 3731 1311 3816 liquet
1353 3749 1354 3778 ³

361 3815 407 3873 vel
430 3815 551 3896 exipso
574 3815 776 3876 Demosthenis
804 3816 921 3879 decreto
945 3819 1124 3896 defoedare
1147 3843 1213 3882 cum
1234 3820 1312 3879 The·
1353 3883 1354 3886 ,

360 3897 441 3960 banis
474 3900 610 3961 ineundo.
663 3902 730 3964 Hoc
758 3905 834 3964 enim
875 3905 962 3966 latum
997 3922 1040 3967 est
1069 3909 1213 3968 'continuo
1246 3917 1312 3988 post

311 4059 312 4062 Ἴ
361 3987 488 4046 Elatearn
521 4003 702 4070 occupatam,
736 4011 799 4073 quo
840 4007 986 4074 ternpore,
1021 4009 1055 4054 ut
1082 3995 1182 4076 ipsum'
1216 3991 1312 4066 docet,
1353 3991 1354 4052 j

362 4071 493 4132 Thebani
516 4073 554 4134 de
576 4075 711 4138 subsidiis
734 4077 770 4142 ab
793 4079 1014 4152 Atheniensibus
1038 4081 1212 4146 arcessendis
1240 4101 1311 4140 non·
1353 4073 1354 4080 '

363 4157 434 4236 duro
455 4161 625 4244 cogitabant.
858 4163 860 4168 ’
1159 4201 1162 4208 ·
1202 4199 1204 4209 ·
