2740 4774
571 295 635 366 293

83 447 274 532 mentorum
303 449 424 532 horum
449 465 534 533 ratio
564 405 799 556 conditioque.
853 462 893 529 ld
929 460 1020 584 quod
1058 464 1135 540 hoc,

81 563 157 637 loco
194 587 453 660 persequemur,
494 568 593 636 initio
626 569 668 634 ab
704 565 967 638 retractandis
957 567 998 634 ris
1036 567 1122 635 lac'to

83 694 171 766 quae
192 674 230 739 in
252 671 478 762 superioribus
499 674 612 738 minus
633 669 776 741 feliciter
803 669 985 764 explorasse
1006 669 1124 739 solvis-

83 797 186 868 seque
204 774 303 841 nobis
325 799 417 842 nuno
438 785 632 867 persuasum
651 776 823 857 habemus,
844 775 1008 856 Boeckhii,
1026 800 1123 867 prae-

84 879 199 947 sertim
225 875 352 946 iudicio
383 881 582 972 monituque
611 880 653 946 ad
681 878 823 947 meliora
849 880 1003 947 revocati.
1050 879 1123 946 Sci-

84 980 166 1049 licet
186 981 411 1048 Boeclthius
400 1008 464 1049 ιιι-
458 980 680 1076 explorandis
708 984 904 1080 archontum
935 984 1030 1048 annis
1052 1008 1122 1050 ma-

83 1109 183 1190 gnam
206 1107 323 1154 eorum
354 1087 454 1153 etiam
475 1103 605 1177 partem
628 1089 753 1178 tetigit,
781 1110 867 1179 quae
889 1109 949 1153 nos
971 1087 1008 1151 in
1031 1109 1135 1160 ιοιιι-,
1215 1091 1220 1102 ’
1313 1097 1315 1104 ’

81 1189 255 1257 menteriis
277 1190 396 1258 nostris
418 1192 645 1274 tractavimus,
676 1189 816 1259 denaia
837 1208 963 1270 tamen,
991 1207 1029 1256 ut
1049 1189 1121 1280 ipse

83 1295 144 1376 ιιι,
160 1293 317 1359 uberiore
340 1296 433 1361 omni
460 1295 503 1363 de
531 1296 630 1363 rebus
653 1297 751 1388 gestis
773 1293 1012 1386 disputatione,
1036 1316 1122 1385 quae

82 1420 123 1465 ex
154 1397 299 1463 instituti
331 1387 436 1466 nostri
475 1399 603 1466 ratione
643 1398 876 1492 persequenda
909 1399 1006 1465 nobis
1042 1413 1120 1463 erat.

81 1503 195 1594 Atque
224 1502 261 1565 in
290 1525 328 1568 ea
358 1502 469 1594 operis
488 1504 604 1579 ,nostri
639 1521 754 1593 parte,
791 1527 876 1596 quae
910 1523 1122 1597 communem

81 1630 160 1674 cum
179 1603 391 1674 Boeelthiana
414 1605 703 1673 Commentatione
730 1605 903 1673 materiam
921 1607 1031 1687 habet,
1053 1602 1121 1702 lae·

82 1712 141 1778 tati
163 1732 374 1801 summopere
396 1733 526 1791 sumus,
559 1734 636 1776 eum
657 1709 873 1778 Boeclthianis
897 1708 1032 1778 calculis
1058 1731 1121 1776 no-

82 1831 166 1882 stros
199 1815 251 1887 in,
271 1811 445 1906 plerisque
483 1815 680 1882 consentire.
734 1816 815 1886 Duo¹
848 1833 975 1896 umen,
1015 1834 1131 1904 eaquen

80 1917 173 1992 haud
193 1919 289 2011 parvi
310 1915 490 1997 momenti,
519 1919 720 2009 reperimus,
743 1918 939 2011 detquibus'
957 1915 1120 1984 diversam
1210 2008 1212 2013 Α
1235 1955 1244 1962 -

82 2020 290 2090 ιΒοιιιιιιιο
313 2021 510 2090 seutentiam
531 2022 741 2112 protulimus,
762 2019 879 2088 falsam
901 2021 1055 2114 quidem,
1081 2036 1120 2088 ut

81 2149 173 2193 nune
201 2123 433 2217 intelligimus,
461 2125 521 2192 sed
554 2150 638 2215 quae
668 2124 837 2193 emendari
866 2143 941 2193 ante
966 2149 1037 2193 non
1058 2149 1120 2218 po-

81 2246 175 2342 terat,
198 2228 298 2322 quod,
321 2248 359 2297 ut
380 2253 481 2321 supra
513 2231 677 2296 monitum
706 2249 773 2313 est,
804 2248 916 2299 octava
939 2232 1007 2296 iam
1028 2251 1119 2295 com-

79 2329 322 2402 mutatoriorum
356 2351 544 2400 nostrorum
577 2333 711 2426 plagula
745 2335 840 2426 prelo
871 2332 1117 2414 subiiciebatur,

81 2463 188 2536 quum
209 2437 376 2506 Boeclthii
390 2438 605 2528 scriptionem
627 2440 750 2530 accepi.
821 2469 823 2474 ¹

168 2543 285 2633 Itaque
318 2539 526 2608 redeundum
560 2543 718 2634 primum
743 2560 791 2608 est
820 2544 862 2609 ad
883 2543 1137 2636 pseudepony-'
1173 2608 1176 2614 ,

80 2669 174 2713 mum
195 2646 420 2714 Demonicum
453 2649 490 2712 in
521 2644 652 2713 decreto
683 2644 809 2713 Calliae
837 2672 884 2716 or.
919 2645 961 2715 de
991 2670 1059 2714 cor.
1082 2672 1116 2738 p.

82 2750 157 2832 265,
181 2749 311 2842 dequo
334 2749 521 2817 Boeclthius
543 2749 576 2831 (l.
600 2775 627 2817 c.
650 2775 684 2844 p.
709 2759 740 2842 7)
762 2753 808 2818 ita
824 2751 1016 2844 disputavit:
1038 2747 1119 2833 „co-

79 2877 164 2922 rona
193 2855 385 2922 decernitur
406 2854 572 2935 Nausicli,
603 2853 695 2945 quod
725 2881 831 2948 quum
861 2854 1131 2922 Atheniensibus

81 2961 123 3026 in*
142 2959 255 3025 Imbro
280 2959 406 3025 colonis
429 2981 528 3050 opem
550 2958 675 3025 ferrent
698 2961 801 3027 Attici
823 2959 1042 3052 praesidiarii,
1063 2957 1117 3024 his

80 3063 123 3128 sit
143 3061 310 3156 stipendia
331 3062 480 3154 largitus3
501 3061 621 3157 eodem
643 3079 810 3155 tempore,
843 3064 961 3131 eodem
982 3063 1118 3128 fortasse

66 3167 148 3248 die,
171 3184 304 3233 auctore
327 3164 445 3232 eodem
468 3162 585 3246 Callia,
610 3165 848 3234 Charidemum
871 3185 903 3233 et
918 3167 1126 3245 Diotimum,

82 3271 153 3362 qui‘
177 3269 352 3337 Salamine·
378 3269 514 3361 [quam
551 3293 633 3357 non
664 3269 817 3363 Cypri,
855 3270 926 3336 sed
956 3271 1117 3336 Atticae

78 3374 257 3462 vicinam
286 3363 430 3464 intelligi
470 3392 588 3464 sponte
610 3375 734 3466 pateat]
760 3376 864 3468 copiis
892 3375 1115 3467 praefuerant,

76 3457 207 3570 placuit
228 3479 391 3560 coronari,
414 3499 556 3568 quorum
579 3501 720 3545 coronae
734 3502 804 3565 non
825 3496 968 3547 tantum
977 3480 1014 3544 in
1035 3477 1118 3545 Dio-

79 3584 213 3674 nysiis,
221 3581 299 3648 sed
327 3583 427 3649 etiam
455 3582 491 3648 in
527 3584 658 3676 Magnis
688 3583 924 3650 Panathenaeis
960 3568 1118 3649 dicuntur

79 3685 327 3756 renunciandas
362 3709 441 3752 csse.
501 3687 624 3778 Magna
660 3711 737 3754 vero
768 3688 996 3755 Panathenaea
1029 3706 1117 3752 anno

81 3789 327 3884 Olympiadum
362 3792 460 3858 tertio
497 3815 647 3884 quoque,
684 3814 798 3867 mense
831 3791 1118 3859 Hecatombaeone

3 3889 5 3896 ¹
80 3913 154 3964 aeta
190 3913 282 3962 sunt:
322 3918 408 3986 quae
442 3917 546 3987 quum
580 3895 702 3963 horum
738 3889 948 3964 decretorum
989 3912 1119 3986 tempus

80 4001 228 4092 proxime
257 3998 431 4064 videantur
466 4018 576 4067 secuta
612 4024 695 4081 esse,
733 4000 937 4074 Demonicus
973 3996 1119 4069 secundo

83 4127 172 4178 anno
212 4102 408 4174 tribuendus
451 4105 523 4175 erit.
583 4103 656 4181 Nee,
689 4109 876 4200 reppereris
913 4103 1119 4178 commodius
1160 4093 1164 4102 ’
