2694 4784
475 289 637 394 „20⁷-

45 458 240 552 congregatis
275 455 474 538 nunciasse,
514 457 608 551 quali
641 455 742 524 modo
780 457 822 524 de
856 455 1084 528 Phocensibos

45 583 139 631 actum
163 561 316 652 esset3‘)
338 562 464 629 deindo
485 564 535 630 sic
555 564 679 656 pergit:
710 565 759 629 sul
780 560 882 646 ὑμεῖς,
907 555 933 628 ὦ
955 589 986 628 α.
1011 563 1083 630 Ἀθ,
1170 629 1173 637 ,

45 666 117 736 ταῦτ’
139 667 337 746 ἀκούσαντες
357 704 401 722 -·
422 670 474 735 sul
495 671 612 744 παῖδας
631 670 682 734 καὶ
697 677 844 753 γυναῖκας
858 669 890 732 ἐν
903 672 968 733 τῶν
981 666 1086 752 ἀγρῶν

48 775 247 856 κατακομίζειν
266 771 483 860 ἐψηφίζεσθε,
510 774 563 838 nul
590 771 631 838 τὰ
653 761 790 860 φρούρια
812 770 1014 850 ἐπισκευάζειν
1034 774 1087 838 καὶ

51 877 91 942 τὸν
106 879 250 962 Πειραιᾶ
278 879 419 961 τειχίζειν
438 879 490 947 καὶ
511 874 552 944 τὰ
570 871 741 962 Ἡράκλεια
754 876 795 942 ,tv
816 874 903 942 ἄστει
923 875 1014 942 θύειν
1036 876 1084 967 (p.

55 983 115 1069 379l
166 981 219 1046 Ea
258 977 305 1047 de
330 1003 370 1046 re
407 997 519 1046 autem
552 980 620 1070 agit
652 978 826 1046 decretum
861 978 1086 1060 Callisthenis,

53 1082 122 1174 quod
150 1084 189 1150 in
220 1107 275 1152 or.
306 1080 349 1149 de
379 1107 464 1166 con,
497 1107 611 1150 rursus
643 1100 755 1152 tamen
789 1082 996 1165 mutilatum,
1029 1107 1087 1150 oc·-

50 1189 143 1268 currit,
169 1213 285 1280 quum
308 1185 463 1256 delestis
485 1186 686 1254 Herculanis
708 1189 745 1254 in
773 1187 858 1254 urhe
880 1185 1087 1256 celebrandis

50 1291 124 1376 nihil
139 1293 327 1360 contineat.
374 1295 491 1385 ltaque
506 1290 694 1359 secundnm
706 1292 969 1374 Demosthenem
982 1290 1087 1359 Celli-

51 1395 158 1462 sthenis
182 1396 365 1464 decretum
386 1394 561 1465 manifesto
591 1397 702 1465 statim
729 1397 1024 1490 postcoucionem
1045 1395 1089 1463 il-

51 1498 102 1565 lam
123 1502 346 1568 Piraeensem
378 1497 485 1568 latum
512 1501 573 1583 sit,
603 1499 640 1568 id
663 1519 730 1582 est,
753 1520 810 1569 aut
830 1503 903 1594 ipso
925 1501 1089 1582 iamsti-

51 1605 257 1696 rophorionis
288 1603 344 1671 die
365 1604 515 1686 XXVII,
544 1603 672 1698 populo
698 1624 833 1697 praeter
861 1597 1015 1675 ordinem
1045 1603 1090 1670 ad

54 1732 155 1776 novam
184 1711 393 1780 concionem
422 1727 623 1801 congregato
646 1709 833 1799 (συγκλήτου
845 1712 1007 1798 ἐκκλησίας
1026 1706 1088 1776 ὑπὸ

59 1821 244 1902 ατραεηγῶν),
269 1831 328 1882 aut
350 1811 406 1879 die
428 1810 539 1906 aliquo
560 1815 714 1906 proxime
736 1816 939 1907 insequenti.

123 1919 272 2002 Quibus,
297 1939 339 1984 ex
352 1915 422 1986 solo
438 1917 666 1988 Demosthene
677 1919 801 2011 petitis,
823 1917 918 1986 nulla
932 1935 1089 2010 exparte,

56 2019 129 2109 quod
158 2019 202 2088 ad
236 2023 401 2116 temporis
432 2023 717 2115 computationem
739 2025 874 2106 attinet,
907 2023 1090 2093 Aeschines

57 2145 205 2218 repugnat
234 2129 277 2194 in
314 2150 363 2196 or.
391 2153 425 2194 π.
449 2153 592 2216 παραπρ.
622 2152 657 2220 p.
687 2128 748 2214 40,
779 2127 820 2214 dh
854 2151 904 2222 sq.
936 2129 1093 2206 'Dixerit

61 2231 130 2296 enim
141 2231 285 2308 fortasse
299 2230 421 2324 aliquis
434 2218 706 2315 Demosthenem,
719 2256 825 2326 quum
837 2251 951 2326 aperte
962 2257 1092 2301 summa

63 2331 211 2404 industria-
241 2359 282 2404 eo
305 2334 439 2416 tendet,
470 2352 507 2402 ut
535 2335 732 2404 conflandae
759 2333 920 2405 Aeschini
948 2336 1092 2405 invidiae

67 2435 139 2505 trusa
158 2463 242 2510 eum
266 2465 285 2506 a
307 2439 470 2532 Philippo
493 2457 691 2531 corruptum
720 2439 849 2509 tamdiu
872 2441 1092 2508 Athenienses

71 2543 136 2609 ranis
153 2545 334 2638 promissis
354 2543 537 2612 detinuisse
554 2540 769 2625 demonstret,
792 2543 900 2612 donec
923 2543 984 2613 ille
1006 2553 1094 2638 qua'e

68 2645 252 2735 cupierit'in
275 2645 423 2718 Phocide
444 2648 638 2741 peregisset,
662 2646 780 2716 eodem
802 2649 860 2716 hic
879 2649 1019 2718 consilio
1040 2672 1094 2716 res

65 2763 144 2839 atque
173 2771 331 2846 tempora
354 2771 543 2821 coarctasse.
588 2754 635 2820 At
655 2753 693 2820 id
714 2757 743 2820 si
764 2778 882 2822 verum
905 2771 999 2837 esset,
1022 2772 1117 2824 tum,

63 2854 193 2939 profecto
207 2858 392 2926 Aeschines
406 2881 481 2924 eum
491 2855 680 2926 falsatorem
693 2857 942 2952 coarguendum
953 2866 1026 2929 non'
1037 2859 1100 2931 de,

64 2954 249 3052 reliquisset,
273 2987 378 3055 quum
398 2963 597 3057 praesertim
619 2987 659 3031 eo
686 2964 832 3030 maxime
853 2963 1095 3032 Demosthenes

64 3059 173 3133 nitatur
195 3085 413 3159 argumento,
441 3064 534 3158 quod
556 3065 599 3133 de
619 3065 841 3135 Phocensiom
857 3067 1007 3134 ⁴fortuna
1029 3087 1097 3136 tam

64 3183 189 3257 tepente
212 3175 256 3239 sit
277 3187 404 3241 actum,
442 3169 511 3240 Sed
533 3173 824 3266 quamquam‘ipse
838 3173 1095 3244 Demosthenes:

66 3359 369 3386 Ἢ

100 3499 124 3588 ')
166 3501 217 3570 ὅτι
252 3507 372 3580 Φωκεῖς
411 3499 590 3571 ἀπολώλασι
626 3509 877 3582 Demosthenes„
898 3508 1099 3593 hyperbolice.

142 3595 353 3680 Compererant
390 3597 466 3656 enim
502 3595 589 3678 legati
616 3595 797 3656 solummodo
827 3595 1100 3678 pactum'Plralaeci

142 3703 210 3742 cum
231 3685 380 3766 Philippo.
422 3684 468 3744 Ex
490 3705 551 3766 quo
573 3697 666 3742 tamen
688 3705 780 3766 quum
801 3683 939 3766 Philippo
961 3683 1100 3766 subigen-

144 3767 199 3834 dae
220 3769 358 3831 Phocidis
386 3785 461 3832 esset
491 3785 619 3851 potestas
640 3768 727 3847 faeta,
756 3771 965 3836 Demosthenes
985 3769 1100 3854 ubique

146 3855 184 3913 ita
206 3855 346 3940 loquitur,
366 3878 400 3916 ac
421 3859 445 3916 si
466 3852 550 3916 simul
572 3877 638 3916 cum
659 3855 798 3939 Philippo
821 3872 922 3939 pactus
942 3857 1101 3919 Phalaecus

146 3943 195 4018 sit,
228 3959 257 4002 et
278 3943 470 4004 Phocensiom
500 3941 643 4004 excidium
665 3955 866 4019 consecutum,
895 3943 979 4027 quod
1007 3960 1101 4006 tamen

148 4049 180 4086 rc
208 4051 274 4088 vera
302 4029 407 4090 factum
436 4044 479 4090 est
500 4030 611 4112 aliquot
640 4029 786 4092 mensibus
815 4046 898 4114 post,
928 4046 1101 4118 congregato
1219 4039 1222 4043 '

148 4117 391 4200 Amphictyonum
410 4117 542 4200 concilio.
