2712 4762
695 305 851 413 Q

253 475 349 545 Hanc
382 496 514 540 causam
542 495 586 539 an
612 474 728 542 vicerit
749 475 966 541 Aristocrates
995 489 1028 564 et
1057 471 1238 539 decretum
1261 471 1316 538 de

256 576 457 648 Charidemo
480 576 674 669 pertulerit,
707 600 778 644 non
807 593 952 660 constat3
993 593 1202 669 quapropter
1235 575 1315 641 hoc

177 715 179 722 ·
256 686 356 750 etiam
381 681 578 773 ambiguum
601 697 666 762 est,
696 700 808 748 utrum
834 679 1052 748 Charidemus
1082 679 1181 746 Orita
1206 703 1314 746 crea-

183 852 187 862 ,
255 803 307 858 tus
331 812 349 852 a
371 785 499 877 populo
530 787 573 850 sit
603 785 801 878 imperator,
825 809 887 852 nec
910 809 972 866 nc,
1006 802 1040 851 et
1062 782 1314 864 Charidemus,

256 891 316 983 qui
338 887 461 956 deinde
483 889 670 970 invenitur,
705 889 804 974 Orita
825 887 884 955 ille
911 893 968 970 sit,
1003 913 1046 953 an
1079 887 1315 955 Atheniensis

256 1011 289 1061 ct
320 993 361 1058 ah
390 990 448 1060 illo
472 989 627 1060 diversus.
674 993 808 1058 Etenim
835 1017 922 1060 anno
952 990 1146 1085 postillam
1169 991 1316 1059 Demo-

258 1098 385 1165 sthenis
408 1099 446 1163 in
463 1096 702 1163 Aristocratcm
716 1098 909 1178 orationem,
939 1094 994 1163 Ol.
1009 1095 1116 1175 CVII,
1139 1119 1159 1160 α
1182 1119 1317 1162 mense

255 1199 501 1269 Boedromionc
524 1199 743 1266 Charidemus
761 1199 901 1274 Athenis
913 1203 954 1267 in
971 1199 1223 1267 Chersonesum
1247 1225 1316 1265 seu

177 1383 180 1390 Ι
252 1301 511 1398 'Hellespontum
539 1305 683 1370 mittitur
708 1307 796 1378 cums
817 1305 952 1370 navibus
982 1303 1099 1369 decem
1131 1303 1249 1370 vacuis
1276 1323 1315 1370 et

213 1466 216 1472 .
259 1410 410 1499 quinque
432 1407 562 1474 talentis
584 1405 738 1474 adversus
757 1406 964 1500 Philippum,
986 1407 1163 1474 Thraciam
1184 1413 1315 1500 nuper

259 1513 445 1603 ingressum
475 1507 747 1603 Chersonesoque
777 1510 1058 1604 imminentem.*)
1104 1509 1200 1578 Idem
1216 1513 1314 1578 -ibi-

301 1862 423 1945 ⁸.)Dem
436 1853 1307 2010 01]οι1ι.ΙΙΙ.ο9ιμέμνησθεῶρλ.Ἀθ.,ότᾶπηγγέλθη

348 1943 538 2022 Φίλιππος’
521 1957 595 2028 υμῖν
616 1947 648 2013 ἔν
664 1946 773 2037 Θρᾴκῃ
795 1949 849 2032 τρέ
847 1949 934 2057 τονη
927 1946 1137 2030 τέταρτον”
1118 1971 1185 2022 ετος
1208 1953 1308 2012 τουτὶ

276 2029 476 2117 ΙἩραῖον
511 2043 611 2115 τεῖχος
642 2039 824 2119 πολιορκῶν.
854 2032 924 2100 τότε
951 2035 1056 2099 τοίνυν
1082 2033 1145 2118 μἠν
1170 2035 1234 2116 μέν
1261 2029 1309 2119 ἦν

346 2119 608 2227 Μαιμακτηριών,
631 2125 753 2185 πολλῶν
775 2121 809 2184 δὲ
827 2119 930 2206 λόγων
955 2122 1005 2184 καὶ
1027 2120 1169 2227 θορύβου
1190 2144 1308 2208 γιγνο-

345 2205 441 2288 μένου
468 2203 540 2291 παρ’
571 2201 646 2288 υμῖυ
671 2207 876 2316 ἐψηφίσασθε
905 2204 1133 2292 τετταράκοντα
1161 2205 1309 2318 τριέρεις

297 2303 299 2311 ’
347 2291 508 2356 καθέλκειν
541 2294 591 2356 καὶ
629 2317 703 2368 τους
734 2293 824 2378 μέχρι
862 2293 951 2358 πέντε
984 2295 1034 2358 καὶ
1060 2292 1309 2403 τετταράκοντα

346 2379 424 2444 έτῶν
452 2376 566 2454 αιἰτους
593 2381 748 2462 ἐμβαίνειν
774 2381 824 2443 καλ
852 2378 990 2446 τάλαντα
1019 2377 1167 2463 ἑξήκοντα
1194 2382 1309 2490 εἲςφέ-

342 2489 420 2575 ρειν.
441 2465 491 2530 καὶ
512 2463 592 2546 μετὰ
613 2472 713 2531 ταῦτα
735 2463 915 2541 διελθόντος
940 2491 997 2532 του
1019 2469 1158 2532 ἐνιαυτοῦ
1182 2491 1308 2533 τουτου

280 2545 281 2550 ¹
342 2546 594 2660 Ἓκατομβαιαλν,
636 2551 885 2636 Marmaricis,
916 2551 1142 2663 Βοηδρομιών·
1183 2551 1309 2620 τούτου

346 2661 403 2702 του
424 2635 524 2744 μηνὸς
548 2636 637 2722 μόγις
657 2638 737 2722 μετὰ
764 2639 803 2703 τὰ
823 2637 981 2726 μυστήρια
1009 2640 1082 2705 δέκα
1114 2645 1190 2716 ναῦς
1221 2639 1309 2706 ἄπε-

348 2721 520 2789 στεέλατε’
500 2748 610 2806 εχοντα
624 2723 712 2801 κενὰς
733 2727 964 2811 Χαρίδημον
984 2753 1034 2792 και
1026 2725 1145 2791 πέντε
1158 2724 1307 2794 τάλαντα

348 2807 506 2895 ἀργυρέου.
552 2815 653 2874 Oratio
675 2818 744 2876 haec
770 2839 835 2876 cum
862 2818 982 2898 reliquis
1004 2818 1180 2898 Olynthiacis
1202 2819 1306 2879 hahita

349 2916 392 2959 est
414 2900 463 2961 Ol
485 2899 774 2978 cV11‚9.llla
765 2905 852 2984 igitur
873 2903 1038 2986 Philippi
1029 2927 1059 2964 in
1081 2905 1264 2966 Thraciam
1256 2929 1307 2965 m-

348 2987 443 3047 cursio
466 2985 504 3046 ad
524 3009 628 3048 annum
648 2987 798 3048 referenda
832 3004 874 3051 est
907 2990 955 3051 Ol
978 2989 1070 3050 CVII.
1103 2992 1229 3073 primum
1251 3009 1305 3052 ant

348 3072 514 3134 seeundum
558 3074 607 3142 Ad
616 3077 740 3176 primum
756 3075 936 3136 referendam
957 3077 1169 3137 multadocent.
1202 3077 1305 3138 Thra·

348 3161 419 3220 ciam
437 3162 511 3220 euim
530 3161 704 3246 Philippus
696 3165 795 3224 rovasit
811 3178 878 3244 post
891 3185 938 3223 res
957 3165 988 3223 in
1004 3163 1148 3224 Thessalia
1159 3163 1303 3225 adversus

349 3245 513 3306 Phocenses
528 3269 669 3330 prospere
686 3264 777 3330 gestas
792 3244 854 3332 (Ol.
878 3249 957 3328 CVI,
978 3247 1009 3321 d.
1045 3250 1083 3309 V.
1106 3273 1168 3351 eap.
1192 3250 1228 3310 ΙΙ.
1254 3247 1301 3335 6),

349 3333 482 3393 nimirum
502 3343 656 3416 postquam
678 3335 729 3394 ot
750 3335 829 3412 cvl,
850 3295 1015 3405 dexehnte
1036 3353 1084 3394 aut
1106 3338 1222 3396 ineunte
1247 3339 1300 3398 Ol.

291 3463 292 3466 ,
353 3417 452 3495 CVII,
489 3439 501 3479 ι
532 3441 587 3501 per
616 3416 701 3502 Pylas
729 3421 929 3482 Phocenses
920 3447 949 3483 in
981 3416 1131 3482 Graeciam
1156 3427 1300 3508 persequi

349 3503 387 3565 ab
409 3505 631 3567 Atheniensibus
657 3508 812 3588 impeditus
838 3523 899 3568 crat
925 3505 967 3588 (v.
990 3530 1052 3590 cap.
1075 3509 1111 3586 ΙΙ,
1133 3513 1205 3591 op.
1230 3511 1299 3592 5¹).

351 3593 447 3668 Quam
474 3591 513 3650 ob
542 3615 603 3652 rem
632 3591 680 3654 illa
701 3594 866 3676 Philippi'
858 3618 886 3654 ιο
908 3596 1093 3657 Thraciaru'
1084 3598 1234 3677 impressio
1263 3621 1299 3658 ca

349 3677 427 3739 haud
460 3675 549 3738 dubie
579 3694 636 3754 cst,
664 3679 700 3738 ad
729 3703 815 3762 quam
842 3683 1042 3759 Demosthenis
1069 3705 1111 3744 or.
1134 3683 1261 3766 Philipp.
1284 3685 1298 3744 Ι

280 3822 283 3827 .
350 3779 474 3848 spectat,
496 3764 542 3825 Ol
568 3724 667 3842 CVlI,
698 3787 710 3825 ι
737 3767 830 3826 habita
851 3769 890 3844 (v.
913 3790 974 3852 cap.
997 3769 1089 3846 ΙΙ,9.
1112 3792 1142 3851 p.
1166 3773 1203 3830 6ο
1230 3771 1296 3852 sq.),

332 3871 410 3934 ‘qua
430 3852 493 3935 ipsa
513 3850 664 3932 probabile
694 3867 737 3912 est
767 3855 901 3916 excitatos
923 3856 1110 3915 Athenienses
1130 3857 1222 3916 hicme
1245 3857 1292 3917 01.

350 3937 442 4014 CVII,
468 3957 482 3996 a
508 3958 558 3998 eos
580 3935 709 3998 decresse
730 3939 850 4000 bellicos
871 3957 1032 4024 apparatus,
1052 3964 1118 4001 mox
1135 3957 1227 4002 tamen
1248 3943 1293 4002 iu·

246 4051 247 4060 ¹
349 4025 508 4101 termissos,
540 4025 592 4106 qui
620 4045 664 4085 or.
693 4026 811 4108 Olynth.
842 4027 891 4090 ΙΙΙ.
923 4029 942 4087 Ι.
975 4050 1000 4088 c.
1028 4043 1291 4092 commemorantur.

349 4109 440 4188 Quod
461 4112 485 4174 si
506 4115 545 4174 ita
566 4123 618 4190 cst,
640 4111 827 4176 Charidemus
849 4114 906 4176 Ol.-
919 4113 1019 4195 CVII,
1042 4136 1058 4178 a
1083 4114 1289 4180 Baedronione
