2706 4782
494 257 655 364 L

71 427 152 494 annis
180 425 406 506 amabantur.
461 427 531 494 Pax
561 427 784 495 Athenienses
816 427 906 496 inter
935 440 970 496 et
996 429 1101 498 Lace-

69 531 261 614 daemonios,
290 556 358 624 qna
384 528 474 599 bello
508 532 730 626 Peloponnes.
759 556 823 626 per
853 555 957 602 annos
979 534 1100 626 viginti

70 653 180 727 septem
211 637 389 702 continuos
428 654 518 728 gesto
555 637 634 703 linis
670 638 848 730 impositus
878 654 945 717 est,
978 638 1100 708 accidit

69 738 190 832 Olymp.
214 740 349 820 XCIII,
371 739 406 825 4,
428 761 555 821 mense,
577 757 616 806 ut
636 738 833 807 Plutarchus
856 741 908 829 (in
923 742 1098 834 Lysandro

70 869 93 910 c.
112 849 160 927 ιδ)
178 843 295 926 refert,
326 845 569 937 Munychione.
613 845 656 910 V.
679 843 837 936 Xenoph.
867 845 958 911 Hell.
982 848 1034 928 Il,
1065 873 1098 930 a,

71 947 102 1032 al
118 947 193 1016 coll.
216 937 245 1014 e.
269 948 317 1028 11,
346 951 379 1031 3,
405 974 432 1015 t.
479 945 530 1015 CI
558 947 723 1016 Dodwell.
754 948 916 1018 Chronol.
938 951 1097 1042 Xenopb.

70 1053 126 1116 Vll.
183 1051 324 1122 Wessel.
365 1051 409 1119 ad
453 1053 554 1120 Diod.
607 1052 685 1120 Vol.
729 1053 763 1119 Il
803 1080 838 1146 p.
886 1054 962 1122 668.
1027 1057 1097 1123 llac

66 1156 268 1224 Athenienses
307 1157 650 1226 Lacedaemoniorum
680 1159 823 1249 imperio
858 1175 891 1224 et
932 1159 1098 1227 voluntati

64 1284 184 1350 prorsus
206 1261 287 1328 lacti
315 1280 394 1331 sunt
422 1263 571 1330 obnoxii.
615 1260 776 1354 Acropoli
802 1263 1010 1354 praesidinm
1034 1266 1098 1330 La·
1212 1335 1223 1344 ,

67 1362 344 1434 cedaemonicrum
363 1367 580 1459 impositum,
613 1369 692 1434 urbi
714 1365 899 1458 Spartanus
929 1368 1096 1435 harmosta

65 1470 234 1559 praefectus
263 1487 322 1537 est.
377 1471 467 1538 Plut.
490 1470 638 1564 Lysand.
664 1470 687 1537 l.
710 1495 739 1536 c.
792 1471 988 1538 Durissimis
1015 1497 1095 1540 vero

65 1575 139 1662 pacis
160 1573 415 1642 condiuonibns
432 1575 653 1642 Athenienses
667 1576 825 1642 Piraeum
838 1593 997 1657 evertere,
1018 1603 1096 1644 mu·

65 1699 105 1743 ros
130 1676 252 1769 longos
281 1677 435 1760 diruere,
473 1701 572 1744 naves
603 1698 736 1770 praeter
765 1679 947 1748 duodecim
979 1703 1095 1747 omnes

70 1778 322 1850 Lacedaemoniis
345 1782 445 1850 edere
466 1783 639 1874 (Xenoph.
661 1783 685 1851 l.
709 1807 739 1850 c.
762 1785 806 1865 ll,
830 1807 861 1865 a,
885 1787 957 1874 ao),
986 1787 1097 1852 omni·

70 1880 112 1950 los
129 1885 281 1980 deniqne
302 1887 444 1954 urbibus
478 1888 760 1980 regionibusque,
802 1913 889 1980 qnae
917 1891 1096 1956 incorum

65 1983 221 2084 hucusque
263 2009 428 2084 potestate
466 1991 615 2073 lucrant,
664 1991 824 2058 excedere
862 1996 968 2060 coacti
1007 2013 1094 2060 sunt.

66 2091 165 2162 Aesch.
191 2125 229 2164 π.
253 2122 394 2185 unpnnp.
423 2122 458 2188 p.
492 2100 535 2165 38
573 2095 626 2162 ed.
657 2095 772 2188 Steph.
801 2095 903 2164 Diod.
935 2099 971 2165 S.
1001 2099 1094 2178 XIII,

67 2217 124 2286 ¹⁰7·
142 2201 291 2282 ἐκβάντες
311 2201 345 2268 ἔκ
365 2208 476 2268 πασῶν
496 2207 560 2267 τῶν
580 2200 710 2282 πόλεων,
734 2201 793 2267 τὰν
814 2199 919 2268 cirus
929 2205 990 2288 γᾶν
1005 2203 1095 2286 ἕχον-ι

64 2323 105 2376 τις
133 2307 300 2397 scriptum
344 2323 394 2372 est
436 2307 474 2371 in
509 2305 715 2398 ephororum
753 2305 887 2375 decreto
920 2331 974 2399 ap.
1006 2304 1093 2372 rtur.

64 2401 188 2494 Ltffll
211 2435 245 2478 α
274 2408 324 2495 ¹4

139 2511 193 2580 llis
215 2515 325 2606 igitur
343 2515 436 2606 pacis
459 2513 707 2583 conditionibus
728 2514 987 2583 Lacedaemonii
1007 2532 1097 2581 terra

64 2615 197 2708 marique
219 2619 457 2712 principatum
477 2622 617 2686 assecuti
645 2636 730 2685 sunt.
777 2621 887 2703 Quem
915 2637 1014 2687 uteo
1038 2618 1098 2686 tir-

62 2717 136 2784 mios
154 2722 361 2803 stabilirent,
383 2723 511 2816 ubique
541 2726 579 2790 in
600 2724 757 2790 subiectis
784 2747 844 2790 sno
872 2725 1016 2816 imperIo
1038 2747 1098 2788 ur-

59 2817 143 2888 bibus
162 2851 231 2918 per
254 2825 467 2919 Lysandrum
487 2827 725 2907 moderatores,
747 2825 911 2914 ἆρμοστᾶς
931 2828 1097 2894 Laconice
1142 2903 1149 2920 Ι

58 2919 160 3010 dictos,
182 2931 447 3014 constituebant,
470 2935 532 3024 qui
550 2932 755 3023 singularum
770 2933 955 2999 civitatium
975 2950 1097 2996 statum

58 3043 84 3091 et
101 3036 315 3136 magistratus
336 3059 397 3103 suo
417 3060 458 3103 ex
479 3038 616 3104 arbitrio
636 3035 844 3117 ordinarent,
875 3034 1097 3102 democratiae

56 3135 186 3204 maxime
208 3142 361 3220 inlensi,
392 3158 426 3207 et
446 3141 598 3207 instituta
624 3139 752 3232 ubique
775 3137 819 3205 ad
838 3164 916 3206 snae
937 3137 1099 3230 reipubli-

59 3257 105 3302 cae
124 3241 278 3312 formam
300 3243 481 3336 oligarchia
507 3243 670 3310 facillime
695 3245 843 3312 civitates
873 3246 911 3310 in
935 3261 1098 3336 potestate
1224 3295 1228 3302 .

58 3361 104 3406 sna
123 3361 247 3414 tenere
269 3370 368 3440 posse
386 3349 621 3415 existimantes.
664 3345 766 3414 Diod.
789 3347 825 3414 S.
842 3347 937 3428 xlv,
964 3371 1011 3415 to·
1058 3345 1100 3412 Id

59 3446 133 3533 quod
168 3453 263 3545 ipsis
295 3475 433 3544 qnoque
476 3452 620 3519 Athenis
651 3451 774 3518 factum
809 3450 912 3520 modo
942 3453 1098 3530 vidimus,

60 3547 102 3614 tbi
121 3553 166 3620 ad
184 3573 384 3622 extremum
405 3558 545 3623 concisis
568 3557 710 3622 civitatis
726 3555 851 3620 vitibus
866 3579 980 3622 eversa
997 3557 1100 3620 etiam

62 3669 91 3714 01
110 3657 290 3750 Lysandri
320 3659 461 3727 arbitrio
489 3678 582 3726 vetus
612 3679 662 3726 est
687 3659 894 3750 reipublicae
920 3660 1044 3738 forma,
1066 3677 1101 3724 ct

58 3757 180 3847 viginta
203 3767 366 3832 virorum
388 3763 573 3832 dominatio
603 3764 783 3832 constituta
805 3781 946 3830 exeunte
959 3761 1100 3854 Olymp.

53 3854 157 3933 XCIII
191 3894 226 3934 a.
252 3867 288 3952 4.
333 3868 490 3960 Xenoph.
513 3866 603 3933 llell.
625 3867 680 3946 II,
711 3871 746 3944 3,
782 3892 792 3933 ι
821 3885 855 3934 et
880 3893 930 3935 tt.
974 3869 1026 3933 Ex
1047 3891 1104 3933 ce-

53 3967 119 4031 teris
141 3973 342 4039 civitatibus
364 3971 493 4064 aliquot
513 3972 603 4036 circa
624 3971 772 4038 Athenas
791 3974 1006 4064 potissimum
1026 3974 1103 4038 sitas

52 4061 106 4137 hcc
132 4071 215 4144 loco
251 4067 499 4147 Demosthene·
528 4073 632 4142 affut.
679 4077 831 4158 Quarum
853 4077 1019 4145 Euboea
1040 4100 1106 4142 nn·

729 4187 754 4249 2
