2740 4774
528 331 685 433 Q

87 503 158 573 Sed
180 525 246 592 qua
268 516 371 567 aetate
393 497 481 568 liber
503 497 661 566 collectus
684 513 749 579 est,
771 497 962 564 loculorum
984 487 1138 564 scheda--

85 609 140 675 lae
160 605 213 675 vel
233 601 372 671 tabellae
403 625 480 669 cum
501 602 674 694 *archontis
702 605 862 694 eponymi
884 594 1021 668 nomine
1044 602 1128 694 olinr

87 713 200 780 affixae
221 709 429 789 interierint,
456 723 495 773 ut
523 731 590 799 quo
620 705 778 774 archonte
811 707 981 772 decretum
1004 731 1128 772 unum·
1159 735 1161 738 ·
1257 783 1259 790 χ

86 814 255 910 qurodque
270 813 376 879 latum
398 827 492 891 esset,
521 813 588 876 iam
611 834 680 878 non
695 812 842 908 perspici
856 827 977 900 posset,
999 812 1126 903 quippe

62 922 147 1014 ·qui
169 921 206 985 in
234 916 369 984 decreto
397 932 528 984 notatus
560 937 630 1014 non
658 914 801 996 fuerit*).
853 911 991 1004 ltaque,
1023 939 1128 1006 quum
1147 937 1169 990 j

86 1025 227 1092 omissus
250 1037 334 1088 esset
356 1021 492 1102 archon,
506 1021 625 1111 'potuit
646 1017 754 1085 scriba
767 1019 846 1084 actis
862 1019 1025 1110 cuiusque
1046 1044 1128 1112 pry-

86 1128 193 1195 taniae
218 1125 385 1216 praefixus
420 1145 604 1216 eponymus
634 1121 755 1204 videri,
777 1123 804 1188 si
827 1145 896 1188 non
916 1114 980 1202 illi,
1003 1123 1063 1213 qui
1085 1122 1128 1188 li-

85 1234 184 1298 hrum
208 1228 350 1318 collegit,
373 1246 462 1295 certe
483 1229 662 1295 recentiori
685 1225 794 1308 docto,
818 1227 876 1318 qui
898 1223 956 1292 illo
978 1242 1128 1292 uteretur

85 1331 187 1417 libro,
210 1335 353 1400 exactis
376 1331 533 1399 tabularii
556 1331 723 1411 consecto,
751 1349 788 1398 ut
811 1331 837 1396 is
859 1331 896 1396 iu
918 1328 1128 1398 decretorum

86 1437 294 1530 singulorum
316 1437 549 1528 praescriptis,
580 1459 664 1528 quae
691 1433 750 1500 ille
781 1459 821 1500 cx
848 1433 992 1500 rubricis
1015 1427 1128 1525 singu-

86 1538 198 1606 larum
220 1529 424 1608 collectionis
446 1542 593 1632 partium
611 1537 768 1631 supplere
781 1540 898 1630 utique
921 1537 1127 1630 debebat**),

88 1719 399 1740 m

132 1857 155 1938 'l
177 1861 243 1924 Non
267 1862 342 1920 enim
363 1862 515 1920 verisimile
538 1876 582 1920 est
604 1863 697 1920 omnia
720 1882 762 1933 ea,
785 1880 859 1946 quate
882 1860 909 1916 in
933 1856 1076 1939 lapidum,
1099 1875 1128 1918 et

175 1969 275 2006 eorum
306 1947 443 2029 quidem,
474 1950 525 2029 qui
554 1947 590 2006 ad
620 1950 711 2029 ipsam
740 1947 979 2006 Demosthenem
1008 1960 1128 2005 aetatem

174 2036 336 2116 pertineant
357 2034 416 2115 (ap.
439 2034 566 2094 Boeclrh.
595 2035 686 2116 Corp.
714 2033 801 2092 lnscr.
824 2033 858 2090 P
889 2032 924 2092 ll.
955 2032 1043 2092 Inscr.
1065 2033 1127 2092 Att.

129 2197 131 2200 ι
176 2119 221 2178 Cl.
245 2120 266 2178 l.
290 2119 358 2179 inde
380 2141 396 2178 a
417 2143 460 2180 nr.
485 2117 551 2204 90),
573 2122 707 2203 leguntur
729 2119 922 2221 praescriptis,
945 2140 977 2177 ea
999 2117 1067 2176 ab
1058 2121 1133 2199 ipsis-

98 2211 101 2222 ’
174 2205 357 2307 rogatoribus
380 2229 442 2266 esse
466 2205 589 2266 decretis
621 2209 816 2288 praescripta.
850 2205 882 2264 ln
911 2205 1026 2264 illorum
1053 2205 1129 2264 enirn

174 2295 217 2367 iis,
240 2296 292 2375 qui
314 2294 477 2374 plenissima
499 2293 588 2352 forrha
611 2308 774 2368 servantur,
800 2293 995 2373 praescriptus
1017 2306 1060 2350 est
1082 2313 1129 2350 ar-

116 2409 118 2412 ·
175 2380 248 2439 chon
282 2401 368 2462 epon.
408 2395 437 2438 et
459 2373 541 2460 φυλὴ
563 2373 796 2460 προταιεῦουσα
824 2380 946 2476 eiusque
973 2377 1066 2436 scriba
1099 2381 1148 2437 et¹

176 2465 238 2526 (lies
267 2468 370 2528 utensis
399 2467 484 2524 simul
513 2481 542 2524 et
560 2467 717 2546 prytaniae
747 2478 776 2522 et
797 2464 898 2522 οοιιοίο
924 2464 1020 2565 qualis
1041 2463 1129 2524 fuerit

174 2550 280 2634 (κυρία
297 2577 332 2612 au
354 2545 544 2652 σῦγκλητος),
566 2551 693 2633 denique
716 2541 897 2632 proedrus‘
883 2570 899 2608 o
922 2543 1148 2632 ἔιιιψηιιιίσοις,Ἰ

175 2641 259 2720 isque
289 2639 325 2698 ab
356 2640 404 2699 Ol.
432 2640 544 2698 circiter
567 2638 638 2697 cxl
668 2659 734 2696 cum
767 2635 972 2718 symproedris.
1027 2637 1128 2718 Atque

174 2725 245 2784 haec
272 2727 333 2786 fere
364 2727 456 2786 omnia
488 2725 605 2784 decreto
635 2747 756 2808 quoque
783 2725 826 2782 in·
842 2723 1129 2782 honorem‘Zenonis

82 2877 83 2880 Ἴ
176 2813 293 2871 condito
330 2813 504 2895 praescripta
530 2809 677 2894 leguntur
712 2833 758 2893 ap.
790 2811 880 2892 Diog.
912 2811 947 2869 L.
981 2809 1046 2869 Vll.
1080 2831 1128 2910 ιο,

177 2900 290 2988 quippe
313 2899 503 2981 quodetiam
526 2923 560 2958 ex
582 2898 678 2981 lapide
705 2897 854 2956 manifesto
885 2897 1062 2978 descriptum
1083 2897 1129 2956 sit.

177 2990 204 3044 Α
233 3001 367 3067 rogatore
397 2987 570 3068 plerumque
601 2987 713 3046 nonnisi
740 2985 893 3065 proprium
920 3004 1037 3042 nomen
1053 2984 1129 3042 veri-

177 3074 267 3132 simile
295 3088 339 3142 est
368 3073 485 3149 decreto
513 3075 572 3131 site
585 3072 811 3176 praescriptum
833 3091 904 3145 esse,
934 3083 966 3128 ut
988 3065 1130 3140 Καλλίας

180 3151 408 3241 Φρεάρριος
380 3179 458 3233 arne,
494 3153 671 3238 πρυτάνεων
700 3150 860 3235 λεγόντων,
883 3155 1001 3234 βουλῆς
1021 3149 1144 3239 γνώμῃ·

177 3248 205 3304 in
228 3268 264 3304 eo
287 3247 415 3322 decreto,
438 3245 521 3326 quod
545 3267 631 3304 unum
660 3245 689 3301 in
720 3265 762 3302 or.
785 3244 822 3301 de
845 3265 904 3304 cor.
927 3267 958 3324 p.
982 3243 1089 3303 265·
1067 3266 1128 3304 siue

178 3333 311 3391 archonte
339 3348 368 3391 et
398 3353 495 3390 mense
528 3332 636 3411 dieque
671 3345 812 3388 servatum
840 3347 899 3406 est,
929 3345 958 3388 et
984 3331 1014 3388 iu
1042 3330 1127 3392 Dem.

90 3476 95 3484 ,
178 3439 220 3478 οι.
254 3442 279 3478 c.
311 3419 454 3478 Timone:
492 3417 627 3494 Διοκλῆς
659 3407 723 3476 εἷπε
759 3439 791 3498 p.
826 3421 897 3495 7¹3·
931 3411 1130 3517 Τιμοκράτης

177 3499 241 3566 eina
264 3529 293 3586 p.
319 3527 395 3584 720,
418 3504 477 3563 sive
501 3505 704 3584 subscriptum,
725 3501 757 3563 id
779 3503 863 3584 quod
876 3505 1002 3566 occurrit
1022 3505 1052 3562 in
1075 3503 1129 3564 de-

177 3609 256 3652 creto
280 3587 460 3650 Callisthenis
488 3591 525 3650 de
559 3612 621 3650 cor.
644 3613 675 3671 p
700 3593 760 3650 238
785 3605 814 3648 et
835 3591 1041 3670 Aristonicip.
1066 3593 1128 3651 253

178 3694 206 3738 et
230 3682 257 3738 in
282 3678 498 3758 Anstophontrs
508 3678 645 3737 relatione
662 3699 692 3758 p.
717 3677 789 3734 250.
809 3711 815 3719 ·
834 3678 981 3758 Tempora
1003 3691 1032 3734 et
1055 3700 1129 3758 qnae

178 3781 326 3847 praeterea
354 3767 385 3822 in
416 3763 598 3824 decretorum
625 3763 813 3844 praescriptis.
837 3762 1037 3836 inveniuntur,
1060 3766 1131 3822 scri-

178 3853 245 3910 bam
267 3854 296 3909 in
319 3853 397 3936 actis,
418 3853 447 3910 in
471 3851 579 3934 quibus
602 3850 648 3908 illa
670 3849 898 3934 reponebantur,¹
916 3865 1038 3926 notasse,
1061 3873 1133 3932 pro-

179 3938 274 3998 babile
298 3953 349 3996 est.

135 4058 169 4137 *')
193 4059 322 4119 Consilio
346 4074 423 4119 certe
445 4061 621 4142 praescripta
635 4059 681 4118 illa
703 4057 821 4118 collecta
844 4080 916 4135 esse,
938 4061 1053 4118 omnino
1076 4062 1141 4116 sta·¹

179 4145 319 4231 tuentium
348 4145 472 4211 videtur.
517 4149 591 4210 Nam
613 4169 660 4225 ea,
694 4167 770 4230 quae
791 4148 822 4208 in
843 4145 972 4229 lapidum
992 4147 1135 4230 praescri·
