2706 4782
575 342 596 412 5

506 433 663 450 *n*

64 513 176 580 aetatis
203 511 341 578 historia
371 511 414 579 ad
448 512 518 579 eius
548 514 726 581 lectionem
755 515 935 582 accesserit
987 517 1121 584 Parum'

65 603 152 682 enim
176 615 219 683 ad
240 613 454 684 removendas
470 615 721 709 explicandasvc
737 617 795 686 bas
812 615 1020 687 difficultates
1035 623 1111 688 uni-

64 717 194 789 versalis
216 719 275 786 illa‘
295 743 411 787 rernm
433 722 579 816 cognitio
602 721 756 814 expedit,
788 745 891 814 quam
920 725 1110 818 conscripta

66 825 106 890 de
130 823 319 917 Philippica
348 843 454 892 aetate
482 827 708 893 recentiorum
742 849 845 920 opera
879 829 1108 922 suppeditant,

68 952 146 1022 quae
168 953 276 1022 quum
299 930 573 1021 eopotissimum
594 928 743 1012 tendant,
767 947 805 996 ut
827 933 973 999 universi
997 957 1111 1002 rerum

67 1035 158 1124 spatii
180 1032 287 1100 facilis
308 1034 509 1127 praebeatur
532 1041 745 1127 conspectus,'
761 1034 991 1130 factorumque
1004 1062 1109 1106 nexus

66 1136 209 1204 dilucide
233 1155 447 1220 enarrentur,
476 1161 548 1206 non
568 1156 708 1232 possunt
730 1142 766 1206 in
789 1141 975 1208 minoribus
998 1167 1109 1234 neque

64 1241 188 1332 palam,
216 1259 256 1308 ut
276 1244 322 1308 ita
346 1244 467 1324 dicam,
488 1243 715 1335 prestantibus
744 1267 825 1310 eam·
846 1268 926 1337 prae
958 1239 992 1311 se
1019 1246 1108 1312 ferre
1154 1283 1157 1290 ·

64 1346 252 1427 sollertiam,
276 1369 388 1436 neque
410 1347 447 1413 in
468 1347 569 1414 rebus
591 1369 652 1414 suo
680 1371 816 1441 quoque
843 1365 995 1441 tempore
1017 1349 1109 1418 ordi-

66 1448 177 1518 nandis
201 1473 275 1517 eam
306 1449 531 1544 diligentiam,
565 1475 630 1519 nec
660 1451 809 1546 denique
839 1476 913 1520 eam
941 1452 1128 1525 factorum.

66 1555 214 1622 exhibere
237 1556 465 1637 constantiam,
490 1581 557 1650 qua
578 1553 730 1648 religiosa
758 1558 917 1625 orationis
946 1559 1108 1650 expositio

65 1660 248 1752 promoveri
287 1659 497 1753 aliquatenus
534 1661 650 1751 possit.
710 1661 760 1726 Ea
800 1662 891 1730 enim
932 1679 970 1728 ut
1004 1665 1109 1754 possit

68 1765 160 1853 probe
182 1761 340 1854 intelligi,
364 1779 397 1829 et
418 1761 720 1854 rerumgestarum
746 1767 892 1856 cognitio
919 1766 1109 1856 requiritur

73 1869 263 1960 amplissima
297 1891 344 1934 ac·
368 1864 630 1960 religiosissima,
668 1879 702 1934 et
730 1867 946 1961 chronologia
983 1891 1107 1952 rursus,

70 1996 143 2064 quae
170 1997 246 2040 nou
280 1972 317 2036 in
345 1972 441 2038 annis
464 1968 565 2038 modo
589 1988 751 2052 versetur,
781 1969 842 2038 sed
869 1973 960 2064 ipsos
993 1975 1106 2054 etiam,

67 2079 91 2142 si
110 2077 180 2144 fieri
201 2077 320 2170 possit,
342 2099 473 2142 menses
497 2090 529 2142 et
557 2072 628 2142 dies
658 2091 827 2142 accurrate
856 2075 1045 2169 perpendat
1073 2094 1107 2146 et

69 2185 243 2249 constituat.
290 2179 459 2272 Loquitur
481 2179 572 2245 enim
587 2197 704 2246 'orator
726 2177 768 2245 de
791 2179 910 2261 rebus,
943 2205 1025 2275 quas
1047 2206 1107 2249 au·

69 2285 182 2352 ditores
204 2287 270 2378 ipsi
292 2283 399 2351 oculis
430 2282 606 2350 auribusve
627 2298 853 2377 perceperunt
859 2333 883 2366 ,,
901 2287 934 2352 et
962 2307 1107 2377 quarum

68 2406 229 2456 recentem
250 2386 358 2456 adhuc
381 2388 491 2455 animo
514 2389 713 2455 memoriam
735 2404 866 2471 tenent,
897 2389 1003 2480 tangit
1034 2407 1106 2456 acta
1138 2447 1142 2452 .

71 2491 108 2554 in
129 2509 238 2556 senatu
258 2491 648 2585 populoque,sccretam
670 2491 878 2582 reipublicae
889 2491 1105 2560 administra-

74 2594 200 2675 tionem,
221 2593 411 2688 legationes,
434 2593 597 2664 eiusmodi
618 2617 670 2661 res
694 2593 787 2674 alias,
811 2592 1023 2662 audientibus
1046 2598 1106 2664 tri-

71 2713 114 2763 tas
136 2716 167 2765 et
187 2699 310 2781 obvias,
344 2700 442 2768 nobis
465 2699 600 2767 nonnisi
628 2696 734 2766 multa
764 2695 981 2791 diligentique
998 2699 1107 2790 volu·-

69 2803 191 2868 minum
221 2802 448 2896 exploratione
484 2799 747 2895 perspiciendas.
802 2802 969 2896 interpres
1002 2805 1107 2897 igitur

69 2905 102 2971 id
124 2925 192 2998 agat
213 2909 343 3000 sibique
365 2924 532 3002 proponat
561 2930 693 2974 necesse
718 2924 782 2987 cst,
816 2925 855 2973 ut
876 2905 1036 2976 lectorem
1066 2912 1106 2976 in

69 3009 222 3096 audientis
250 3012 422 3106 qnondam
453 3008 682 3078 conditionem
713 3009 900 3094 transferat,
939 3011 1106 3080 factorum
1133 3071 1140 3088 ,

68 3133 216 3206 quantam
247 3142 302 3183 rcs
333 3113 479 3209 postulat
511 3115 736 3205 cognitionem
759 3134 944 3207 comparet,
975 3135 1106 3209 tempo-

11 3267 12 3274 ,
67 3241 164 3311 raque
186 3223 327 3288 omnino
349 3221 396 3288 ita
418 3218 604 3301 adumbret,
628 3241 745 3286 eorum
766 3235 805 3284 ut
825 3215 935 3284 vivida
967 3237 999 3286 et
1021 3237 1106 3288 tom-

69 3347 159 3413 quam
179 3348 336 3417 praesens
366 3325 475 3416 imago
499 3323 632 3392 lectoris
654 3323 765 3389 animo
788 3322 991 3390 obversetur.
1037 3326 1107 3394 De·
1181 3357 1185 3366 “

70 3425 286 3496 scandendum
309 3445 358 3496 est
379 3430 411 3494 ei
433 3429 470 3494 in
493 3427 774 3496 accuratissimam
795 3425 847 3494 vel
865 3451 1107 3502 earumrerum

71 3530 364 3626 investigationem,
388 3555 470 3626 quas
498 3554 613 3598 rerum
641 3551 808 3622 gestarum
841 3549 1045 3601 enarratores
1067 3534 1107 3598 iu

75 3635 150 3702 tritis
170 3635 439 3730 poneresolent,
463 3632 664 3728 apponenda
679 3631 778 3702 nodis
793 3635 1108 3729 chronologicarum

74 3742 291 3826 quaestionum
319 3765 438 3808 manus
471 3737 524 3808 vel
548 3739 645 3808 anxie
669 3761 825 3832 operosa,
859 3738 1016 3810 tentanda
1038 3739 1108 3808 dis-
1162 3777 1163 3786 κ
1212 3781 1214 3785 .

71 3847 316 3934 crepantiarum,
339 3848 367 3914 si
387 3845 461 3914 lieri
484 3861 611 3937 potest,
636 3841 769 3927 solutio,
800 3847 851 3914 sin
877 3848 1001 3927 minus,
1025 3845 1107 3914 illu-

71 3950 203 4020 stratio..
317 3953 319 3956 ’
