2706 4782
35 1403 138 1470 uariis
157 1405 236 1474 iussi
258 1423 346 1488 sunt,
379 1422 416 1472 ut
436 1405 593 1475 Boeotiae
607 1405 761 1475 ¹civitates
787 1403 910 1472 liberas
938 1400 1056 1470 dimit-
1151 1476 1153 1484 ,

110 463 213 558 luipue
232 463 453 533 Athenienses
476 487 553 535 cum
575 461 619 532 de
640 459 885 532 Plataeeneibus
905 460 943 532 Tac
959 463 1053 532 'Ibe-¹

48 571 199 663 spiensibus
230 571 339 662 panis
372 566 519 660 expulsis
554 565 742 662 dirutisque
769 591 889 636 eorum
913 566 1061 652 urbibus

49 674 197 766 indignati,
227 691 299 741 tum
321 664 415 767 quod
442 689 629 766 suspectam
655 671 823 741 habebant
848 689 1054 744 crescentem

49 779 248 874 Thebanorum
267 777 462 871 potentiam,
476 776 646 846 *nolebant
665 777 810 870 amplius
826 800 904 846 cnm
920 778 1055 846 Theba«

49 882 85 948 uis
98 881 168 948 belli
189 884 461 952 communionem
483 880 604 965 iacere,
626 879 686 950 sed
706 905 825 974 pacem
852 905 928 951 cum
950 882 1055 950 Lace

54 981 195 1053 daemoniis
227 988 312 1054 inire
346 985 574 1056 decreverunt.
626 984 782 1078 Xenoph.
813 984 837 1054 l.
865 1011 893 1054 c.
926 986 1053 1070 V1,·3,

48 1089 67 1176 5.
86 1114 105 1156 1.
142 1091 325 1160 Conciliata
346 1089 428 1158 inde
451 1109 500 1159 est
514 1091 700 1160 communis
713 1115 779 1184 pax
792 1111 829 1158 ca
847 1089 1054 1172 conditione,

49 1207 73 1258 ut
81 1195 203 1264 civitates
219 1195 378 1264 Graeciae
393 1219 508 1266 omnes
521 1221 582 1268 suo
594 1196 668 1264 inre
679 1193 881 1266 fruerentur.
895 1195 1054 1288 Xenopha-

49 1294 92 1377 Ἦ,
122 1301 155 1382 3,
196 1304 245 1368 18.
294 1301 381 1368 Pace
408 1301 511 1394 igitur
539 1301 625 1370 sacta
654 1299 808 1368 Thebani
837 1323 857 1366 a
886 1297 1053 1374 Laeedaa-

52 1520 131 1573 arent
172 1507 274 1593 Quod
295 1531 383 1580 cum*
396 1505 629 1593 deneotarent,
652 1510 816 1602 contiruto⁸
833 1521 961 1576 novum
982 1531 1056 1575 ceu-

53 1625 125 1676 taneu
145 1614 272 1681 exarsit
317 1615 368 1684 Eo
388 1631 540 1708 tempore
555 1611 812 1683 Lacedaemonii
834 1613 1055 1705 impressione

54 1710 77 1774 ir
88 1714 240 1785 Boeotiam
259 1718 356 1800 sacta,
378 1717 556 1786 Leuctrica
581 1741 695 1814 pugna
724 1715 768 1785 ad
798 1719 984 1784 extremum
1006 1715 1056 1783 af-

59 1812 103 1883 flicti
133 1842 208 1891 sunt
263 1822 403 1916 Olymp.
439 1820 505 1889 CII
551 1848 580 1888 a.
614 1845 646 1889 n.
707 1823 795 1890 Xen.
829 1819 898 1902 vl,
953 1819 1056 1906 cod,

55 1917 94 2002 it
120 1950 188 2020 sqq.
234 1927 335 1997 Diod„
366 1927 401 1996 S.
426 1927 511 2008 XV,
543 1927 595 1996 51.
620 1950 671 2020 sq.
715 1926 853 1994 Pansan.
881 1923 978 2008 Vm,
1001 1925 1055 1994 26.

54 2019 96 2091 Hae
111 2030 240 2098 victoria
254 2030 414 2100 Graeciae
434 2032 644 2125 principatus
662 2029 705 2097 ad
719 2029 899 2096 Thebanos
913 2029 1054 2095 transiit.

55 2125 114 2211 Quo,
136 2137 254 2204 exortis
283 2161 363 2212 mox
391 2139 430 2204 in
452 2135 599 2202 ¹brcatdia
620 2135 736 2216 turbis,
760 2155 866 2226 quum
887 2129 931 2200 ad
951 2132 1056 2200 Lace-

54 2227 262 2308 daemoniorum
289 2243 422 2308 ruinam
449 2241 540 2306 abuti
571 2238 698 2308 vellent
725 2238 898 2319 Thebani,
924 2259 1056 2306 exacer-

53 2329 99 2402 bati
113 2341 322 2412 Athenienses
342 2343 440 2412 facile
468 2343 513 2412 ad
542 2369 634 2412 arma
656 2343 810 2411 adversus
839 2363 895 2422 eos
917 2365 1056 2410 conver-

53 2440 415 2538 tendapermovebantur.
462 2447 602 2540 Olymp.
625 2447 729 2538 igitur
755 2445 818 2512 CII
842 2467 870 2510 a.
892 2444 926 2531 4,
949 2469 1058 2535 quum

56 2538 162 2618 Thebani
181 2549 420 2647 Epaminonda
452 2549 538 2619 duce
566 2554 606 2619 in
632 2571 749 2642 agrum
776 2548 980 2642 Spartanum
1002 2550 1085 2615 in-'

55 2648 181 2744 ¹vasissent,
209 2661 351 2752 ipsaque
379 2655 722 2726 Lacedaemoniorum
748 2652 831 2720 urbs
859 2653 897 2718 in
923 2675 1057 2722 summo

52 2769 195 2828 tenuetur
216 2760 430 2845 discrimine,
462 2784 562 2855 opem
594 2759 704 2852 rogati
732 2757 957 2826 Athenienses
976 2751 1060 2824 sub-¹

53 2852 111 2922 sidia
133 2863 296 2956 Iphicrate
323 2867 412 2936 duce
438 2883 554 2936 contra
574 2862 753 2934 Thebanos
785 2863 822 2929 in
845 2858 1060 2956 Peloponne«

52 3036 325 3082 ᾖ’····ι---ι--

107 3165 206 3248 Agesil.
240 3191 256 3230 a
262 3165 297 3253 7)
326 3169 489 3236 conhrdisse
519 3167 644 3230 videtur.
693 3165 862 3248 Xenophon
894 3165 970 3226 enim
999 3165 1056 3230 iant
1169 3247 1172 3254 Ι

108 3269 165 3314 ente
186 3250 314 3339 pugnaui
335 3257 451 3324 Leuctr.
472 3252 666 3338 Thespienses
687 3245 839 3324 ἀπόλιδας
860 3267 943 3312 vocat
963 3252 1053 3332 (Heli.

106 3335 156 3418 Vt,
183 3345 220 3424 3,
255 3339 286 3428 a)
309 3359 338 3403 et
359 3343 469 3404 ibidem
494 3338 523 3426 S.
554 3340 571 3404 5
602 3336 789 3402 Πλαταιέων
814 3335 865 3402 καὶ
895 3315 1054 3401 &donadus
1179 3355 1181 3360 ’

107 3417 256 3508 ἀναίρεσιν
277 3446 422 3498 memorat.
466 3431 548 3491 Vero
571 3417 688 3489 similius
710 3429 797 3509 igitur
819 3425 911 3488 Diod.
932 3427 961 3487 S.
984 3423 1055 3500 XV,

105 3508 141 3579 46
162 3515 356 3598 Thespienses
378 3517 514 3599 expulsos
541 3517 634 3576 statim
661 3529 730 3598 post
759 3514 939 3575 Plataearum
967 3513 1056 3576 deve-

105 3603 249 3662 stationem
269 3604 359 3663 refert
381 3605 499 3686 Olymp.
522 3604 571 3678 CI,
596 3606 625 3663 3.

144 3689 281 3770 Denique
310 3689 420 3756 bellum
454 3713 519 3752 cum
552 3688 751 3752 Orchomeniis
787 3687 892 3750 eodem
923 3703 1057 3770 tempore

107 3769 152 3835 diu
181 3778 301 3856 gessisse
330 3775 478 3855 videntur,
506 3775 590 3860 quod
612 3775 706 3836 obiter
728 3789 931 3838 commemorat
953 3775 1059 3834 Xeno«

35 3927 36 3934 ἵ
105 3857 179 3938 phon
201 3862 263 3938 vl,
289 3859 324 3940 4,
345 3857 374 3946 §.
401 3884 449 3924 ao.
493 3861 553 3925 Sed
580 3863 755 3946 expugnata
774 3877 803 3922 et
833 3861 976 3926 devastata
1003 3860 1059 3920 de-

35 4295 38 4456 i

35 4529 36 4617 1
185 4579 188 4586 a

104 3965 177 4004 mutu
201 3948 398 4009 Orchomenus
426 3965 471 4010 est
500 3950 588 4032 paulo
615 3964 682 4030 post
714 3971 842 4030 pugnem
869 3949 1058 4024 Leuctricam,

107 4029 219 4180 1(Zyrnas.
251 4035 335 4114 CIV,
369 4057 383 4097 a
416 4035 573 4104 secundum
601 4037 691 4098 Diod.
722 4036 801 4114 XV,
833 4057 883 4124 79.
935 4037 1058 4104 Pousau·

146 4163 154 4194 a
179 4141 190 4178 ¹
218 4163 227 4186 ·-
