<?xml version="1.0" encoding="UTF-8"?>
<!DOCTYPE html PUBLIC "-//W3C//DTD XHTML 1.0 Transitional//EN"
    "http://www.w3.org/TR/xhtml1/DTD/xhtml1-transitional.dtd">
<html xmlns="http://www.w3.org/1999/xhtml" xml:lang="en" lang="en">
 <head>
  <title>
</title>
<meta http-equiv="Content-Type" content="text/html;charset=utf-8" />
  <meta name='ocr-system' content='tesseract 3.04.00' />
  <meta name='ocr-capabilities' content='ocr_page ocr_carea ocr_par ocr_line ocrx_word'/>
</head>
<body>
  <div class='ocr_page' id='page_1' title='image "./francisciwiniew00winigoog_0023.png"; bbox 0 0 2706 4782; ppageno 0'>
   <div class='ocr_carea' id='block_1_1' title="bbox 691 258 753 300">
    <p class='ocr_par' dir='ltr' id='par_1_1' title="bbox 691 258 753 300">
     <span class='ocr_line' id='line_1_1' title="bbox 691 258 753 300; baseline 0.016 -2"><span class='ocrx_word' id='word_1_1' title='bbox 691 258 753 300; x_wconf 78' lang='lat' dir='ltr'><strong>VH}</strong></span> 
     </span>
    </p>
   </div>
   <div class='ocr_carea' id='block_1_2' title="bbox 197 407 1249 864">
    <p class='ocr_par' dir='ltr' id='par_1_2' title="bbox 197 407 1249 864">
     <span class='ocr_line' id='line_1_2' title="bbox 198 407 1233 514; baseline 0 -26"><span class='ocrx_word' id='word_1_2' title='bbox 198 407 314 488; x_wconf 80' lang='lat' dir='ltr'><strong>modo</strong></span> <span class='ocrx_word' id='word_1_3' title='bbox 357 409 582 512; x_wconf 85' lang='lat' dir='ltr'><strong>reliquarum</strong></span> <span class='ocrx_word' id='word_1_4' title='bbox 622 435 775 513; x_wconf 86' lang='lat' dir='ltr'><strong>quoque</strong></span> <span class='ocrx_word' id='word_1_5' title='bbox 818 413 1025 488; x_wconf 84' lang='lat' dir='ltr'><strong>orationum</strong></span> <span class='ocrx_word' id='word_1_6' title='bbox 1053 419 1233 514; x_wconf 75' lang='lat' dir='ltr'><strong>‚tempora</strong></span> 
     </span>
     <span class='ocr_line' id='line_1_3' title="bbox 199 529 1248 634; baseline 0.002 -28"><span class='ocrx_word' id='word_1_7' title='bbox 199 531 498 632; x_wconf 78' lang='lat' dir='ltr'><strong>explorarentur,</strong></span> <span class='ocrx_word' id='word_1_8' title='bbox 512 529 606 604; x_wconf 89' lang='lat' dir='ltr'><strong>mihi</strong></span> <span class='ocrx_word' id='word_1_9' title='bbox 635 556 720 606; x_wconf 87' lang='lat' dir='ltr'><strong>cum</strong></span> <span class='ocrx_word' id='word_1_10' title='bbox 735 535 893 606; x_wconf 82' lang='lat' dir='ltr'><strong>maxime</strong></span> <span class='ocrx_word' id='word_1_11' title='bbox 909 531 1149 610; x_wconf 79' lang='lat' dir='ltr'><strong>desidorium</strong></span> <span class='ocrx_word' id='word_1_12' title='bbox 1160 561 1248 634; x_wconf 55' lang='lat' dir='ltr'><strong>pm.</strong></span> 
     </span>
     <span class='ocr_line' id='line_1_4' title="bbox 197 649 1249 754; baseline 0.003 -28"><span class='ocrx_word' id='word_1_13' title='bbox 197 655 306 754; x_wconf 88' lang='lat' dir='ltr'><strong>perit.</strong></span> <span class='ocrx_word' id='word_1_14' title='bbox 358 656 500 752; x_wconf 80' lang='lat' dir='ltr'><strong>ltaque:</strong></span> <span class='ocrx_word' id='word_1_15' title='bbox 520 653 648 751; x_wconf 74' lang='lat' dir='ltr'><strong>ipsum</strong></span> <span class='ocrx_word' id='word_1_16' title='bbox 679 675 739 726; x_wconf 85' lang='lat' dir='ltr'><strong>me</strong></span> <span class='ocrx_word' id='word_1_17' title='bbox 766 649 1054 752; x_wconf 74' lang='lat' dir='ltr'><strong>Lad&#39;pe&#39;riculum</strong></span> <span class='ocrx_word' id='word_1_18' title='bbox 1080 655 1118 728; x_wconf 87' lang='lat' dir='ltr'><strong>in</strong></span> <span class='ocrx_word' id='word_1_19' title='bbox 1145 674 1249 729; x_wconf 65' lang='lat' dir='ltr'><strong>ora-t</strong></span> 
     </span>
     <span class='ocr_line' id='line_1_5' title="bbox 198 770 1247 864; baseline -0.005 -15"><span class='ocrx_word' id='word_1_20' title='bbox 198 776 300 850; x_wconf 83' lang='lat' dir='ltr'><strong>tione</strong></span> <span class='ocrx_word' id='word_1_21' title='bbox 325 771 373 848; x_wconf 88' lang='lat' dir='ltr'><strong>de</strong></span> <span class='ocrx_word' id='word_1_22' title='bbox 405 795 545 846; x_wconf 88' lang='lat' dir='ltr'><strong>corona</strong></span> <span class='ocrx_word' id='word_1_23' title='bbox 576 770 787 848; x_wconf 86' lang='lat' dir='ltr'><strong>faciendum</strong></span> <span class='ocrx_word' id='word_1_24' title='bbox 824 772 1029 849; x_wconf 83' lang='lat' dir='ltr'><strong>excitabant</strong></span> <span class='ocrx_word' id='word_1_25' title='bbox 1061 797 1148 851; x_wconf 86' lang='lat' dir='ltr'><strong>oum</strong></span> <span class='ocrx_word' id='word_1_26' title='bbox 1181 795 1247 864; x_wconf 86' lang='lat' dir='ltr'><strong>ea,-</strong></span> 
     </span>
    </p>
   </div>
   <div class='ocr_carea' id='block_1_3' title="bbox 39 891 1280 994">
    <p class='ocr_par' dir='ltr' id='par_1_3' title="bbox 39 891 1280 994">
     <span class='ocr_line' id='line_1_6' title="bbox 39 891 1280 994; baseline 0.006 -31"><span class='ocrx_word' id='word_1_27' title='bbox 39 937 41 942; x_wconf 67' lang='lat'><strong>,</strong></span> <span class='ocrx_word' id='word_1_28' title='bbox 165 957 166 960; x_wconf 70' lang='grc'>,</span> <span class='ocrx_word' id='word_1_29' title='bbox 199 894 362 994; x_wconf 64' lang='lat' dir='ltr'><strong>quaesita</strong></span> <span class='ocrx_word' id='word_1_30' title='bbox 387 896 583 966; x_wconf 81' lang='lat' dir='ltr'><strong>Prooemio</strong></span> <span class='ocrx_word' id='word_1_31' title='bbox 610 893 833 991; x_wconf 82' lang='lat' dir='ltr'><strong>librihuius</strong></span> <span class='ocrx_word' id='word_1_32' title='bbox 850 893 1017 987; x_wconf 83' lang='lat' dir='ltr'><strong>indicavi,</strong></span> <span class='ocrx_word' id='word_1_33' title='bbox 1043 891 1248 970; x_wconf 67' lang='lat' dir='ltr'><strong>tumbam</strong></span> <span class='ocrx_word' id='word_1_34' title='bbox 1276 951 1280 960; x_wconf 86' lang='lat'><em>-</em></span> 
     </span>
    </p>
   </div>
   <div class='ocr_carea' id='block_1_4' title="bbox 133 1003 1345 3292">
    <p class='ocr_par' dir='ltr' id='par_1_4' title="bbox 133 1003 1345 1964">
     <span class='ocr_line' id='line_1_7' title="bbox 200 1003 1245 1114; baseline 0.007 -27"><span class='ocrx_word' id='word_1_35' title='bbox 200 1003 351 1087; x_wconf 82' lang='lat' dir='ltr'><strong>minime</strong></span> <span class='ocrx_word' id='word_1_36' title='bbox 384 1029 623 1090; x_wconf 89' lang='lat' dir='ltr'><strong>monumenta</strong></span> <span class='ocrx_word' id='word_1_37' title='bbox 655 1013 823 1114; x_wconf 89' lang='lat' dir='ltr'><strong>publica,</strong></span> <span class='ocrx_word' id='word_1_38' title='bbox 862 1014 968 1089; x_wconf 90' lang='lat' dir='ltr'><strong>huic·</strong></span> <span class='ocrx_word' id='word_1_39' title='bbox 986 1017 1141 1095; x_wconf 81' lang='lat' dir='ltr'><strong>orationi</strong></span> <span class='ocrx_word' id='word_1_40' title='bbox 1175 1017 1245 1094; x_wconf 77' lang='lat' dir='ltr'><strong>iar-I</strong></span> 
     </span>
     <span class='ocr_line' id='line_1_8' title="bbox 199 1133 1236 1244; baseline -0.002 -32"><span class='ocrx_word' id='word_1_41' title='bbox 199 1151 315 1244; x_wconf 75' lang='lat' dir='ltr'><strong>certa,</strong></span> <span class='ocrx_word' id='word_1_42' title='bbox 348 1160 397 1210; x_wconf 78' lang='lat' dir='ltr'><strong>ex</strong></span> <span class='ocrx_word' id='word_1_43' title='bbox 430 1133 565 1235; x_wconf 87' lang='lat' dir='ltr'><strong>quibus</strong></span> <span class='ocrx_word' id='word_1_44' title='bbox 598 1159 724 1210; x_wconf 87' lang='lat' dir='ltr'><strong>rerum</strong></span> <span class='ocrx_word' id='word_1_45' title='bbox 764 1156 834 1238; x_wconf 78' lang='lat' dir='ltr'><strong>per</strong></span> <span class='ocrx_word' id='word_1_46' title='bbox 873 1139 1082 1212; x_wconf 82' lang='lat' dir='ltr'><strong>universam</strong></span> <span class='ocrx_word' id='word_1_47' title='bbox 1116 1161 1236 1237; x_wconf 81' lang='lat' dir='ltr'><strong>prope</strong></span> 
     </span>
     <span class='ocr_line' id='line_1_9' title="bbox 199 1251 1251 1360; baseline 0.005 -33"><span class='ocrx_word' id='word_1_48' title='bbox 199 1251 725 1359; x_wconf 81' lang='lat' dir='ltr'><strong>Philippi;Demosthenisquc</strong></span> <span class='ocrx_word' id='word_1_49' title='bbox 751 1273 909 1334; x_wconf 83' lang='lat' dir='ltr'><strong>aetatem</strong></span> <span class='ocrx_word' id='word_1_50' title='bbox 930 1261 1116 1360; x_wconf 83' lang='lat' dir='ltr'><strong>gestarum</strong></span> <span class='ocrx_word' id='word_1_51' title='bbox 1142 1259 1251 1332; x_wconf 82' lang='lat' dir='ltr'><strong>iusta·</strong></span> 
     </span>
     <span class='ocr_line' id='line_1_10' title="bbox 202 1376 1250 1478; baseline 0.004 -26"><span class='ocrx_word' id='word_1_52' title='bbox 202 1393 243 1452; x_wconf 84' lang='lat' dir='ltr'><strong>ct</strong></span> <span class='ocrx_word' id='word_1_53' title='bbox 265 1376 429 1455; x_wconf 84' lang='lat' dir='ltr'><strong>conditio</strong></span> <span class='ocrx_word' id='word_1_54' title='bbox 444 1394 495 1454; x_wconf 79' lang='lat' dir='ltr'><strong>et</strong></span> <span class='ocrx_word' id='word_1_55' title='bbox 520 1381 634 1455; x_wconf 85' lang='lat' dir='ltr'><strong>series</strong></span> <span class='ocrx_word' id='word_1_56' title='bbox 670 1381 810 1478; x_wconf 85' lang='lat' dir='ltr'><strong>optime</strong></span> <span class='ocrx_word' id='word_1_57' title='bbox 843 1378 946 1454; x_wconf 49' lang='lat' dir='ltr'><strong>mihi¹</strong></span> <span class='ocrx_word' id='word_1_58' title='bbox 967 1381 1141 1456; x_wconf 83' lang='lat' dir='ltr'><strong>constitui</strong></span> <span class='ocrx_word' id='word_1_59' title='bbox 1169 1405 1250 1456; x_wconf 73' lang='lat' dir='ltr'><strong>‹ax-z</strong></span> 
     </span>
     <span class='ocr_line' id='line_1_11' title="bbox 133 1491 1239 1602; baseline -0.001 -26"><span class='ocrx_word' id='word_1_60' title='bbox 133 1491 142 1500; x_wconf 44' lang='lat'>⁸</span> <span class='ocrx_word' id='word_1_61' title='bbox 198 1496 413 1598; x_wconf 77' lang='lat' dir='ltr'><strong>ploratque</strong></span> <span class='ocrx_word' id='word_1_62' title='bbox 447 1523 559 1598; x_wconf 75' lang='lat' dir='ltr'><strong>posse</strong></span> <span class='ocrx_word' id='word_1_63' title='bbox 585 1498 790 1574; x_wconf 86' lang='lat' dir='ltr'><strong>videbatur.</strong></span> <span class='ocrx_word' id='word_1_64' title='bbox 853 1504 1010 1602; x_wconf 85' lang='lat' dir='ltr'><strong>Captum</strong></span> <span class='ocrx_word' id='word_1_65' title='bbox 1043 1499 1239 1575; x_wconf 83' lang='lat' dir='ltr'><strong>consilium</strong></span> 
     </span>
     <span class='ocr_line' id='line_1_12' title="bbox 199 1618 1329 1726; baseline -0.001 -33"><span class='ocrx_word' id='word_1_66' title='bbox 199 1621 281 1694; x_wconf 80' lang='lat' dir='ltr'><strong>Tua</strong></span> <span class='ocrx_word' id='word_1_67' title='bbox 306 1618 536 1696; x_wconf 77' lang='lat' dir='ltr'><strong>confirmavit</strong></span> <span class='ocrx_word' id='word_1_68' title='bbox 561 1619 778 1726; x_wconf 77' lang='lat' dir='ltr'><strong>cohortatio.</strong></span> <span class='ocrx_word' id='word_1_69' title='bbox 822 1621 904 1698; x_wconf 77' lang='lat' dir='ltr'><strong>&#39;sed</strong></span> <span class='ocrx_word' id='word_1_70' title='bbox 930 1627 968 1700; x_wconf 89' lang='lat' dir='ltr'><strong>in</strong></span> <span class='ocrx_word' id='word_1_71' title='bbox 1001 1619 1238 1720; x_wconf 82' lang='lat' dir='ltr'><strong>exsequendo</strong></span> <span class='ocrx_word' id='word_1_72' title='bbox 1325 1649 1329 1660; x_wconf 67' lang='lat'><strong><em>¹</em></strong></span> 
     </span>
     <span class='ocr_line' id='line_1_13' title="bbox 200 1735 1345 1844; baseline 0.003 -33"><span class='ocrx_word' id='word_1_73' title='bbox 200 1741 273 1812; x_wconf 86' lang='lat' dir='ltr'><strong>iam</strong></span> <span class='ocrx_word' id='word_1_74' title='bbox 307 1739 558 1839; x_wconf 85' lang='lat' dir='ltr'><strong>gravioribus,</strong></span> <span class='ocrx_word' id='word_1_75' title='bbox 593 1766 702 1844; x_wconf 83' lang='lat' dir='ltr'><strong>quarn</strong></span> <span class='ocrx_word' id='word_1_76' title='bbox 729 1743 937 1844; x_wconf 80' lang='lat' dir='ltr'><strong>sperabam,</strong></span> <span class='ocrx_word' id='word_1_77' title='bbox 969 1743 1111 1819; x_wconf 83' lang='lat' dir='ltr'><strong>occurri</strong></span> <span class='ocrx_word' id='word_1_78' title='bbox 1138 1737 1239 1816; x_wconf 90' lang='lat' dir='ltr'><strong>diffi-</strong></span> <span class='ocrx_word' id='word_1_79' title='bbox 1316 1735 1345 1790; x_wconf 52' lang='grc' dir='ltr'><strong>Ὗ</strong></span> 
     </span>
     <span class='ocr_line' id='line_1_14' title="bbox 201 1859 1280 1964; baseline 0 -31"><span class='ocrx_word' id='word_1_80' title='bbox 201 1860 417 1953; x_wconf 69' lang='lat' dir='ltr'><strong>autoribus,</strong></span> <span class='ocrx_word' id='word_1_81' title='bbox 456 1887 532 1936; x_wconf 88' lang='lat' dir='ltr'><strong>non</strong></span> <span class='ocrx_word' id='word_1_82' title='bbox 569 1865 760 1938; x_wconf 87' lang='lat' dir='ltr'><strong>occultatis</strong></span> <span class='ocrx_word' id='word_1_83' title='bbox 803 1863 875 1936; x_wconf 90' lang='lat' dir='ltr'><strong>illis</strong></span> <span class='ocrx_word' id='word_1_84' title='bbox 916 1887 938 1934; x_wconf 88' lang='lat' dir='ltr'><strong>a</strong></span> <span class='ocrx_word' id='word_1_85' title='bbox 976 1867 1031 1937; x_wconf 87' lang='lat' dir='ltr'><strong>Te</strong></span> <span class='ocrx_word' id='word_1_86' title='bbox 1074 1859 1280 1964; x_wconf 83' lang='lat' dir='ltr'><strong>quidem,-¹</strong></span> 
     </span>
    </p>

    <p class='ocr_par' dir='ltr' id='par_1_5' title="bbox 165 1975 1352 3292">
     <span class='ocr_line' id='line_1_15' title="bbox 201 1975 1253 2082; baseline 0.004 -28"><span class='ocrx_word' id='word_1_87' title='bbox 201 1995 411 2082; x_wconf 78' lang='lat' dir='ltr'><strong>quummo·</strong></span> <span class='ocrx_word' id='word_1_88' title='bbox 428 1983 642 2058; x_wconf 79' lang='lat' dir='ltr'><strong>cohortatus</strong></span> <span class='ocrx_word' id='word_1_89' title='bbox 667 2008 721 2060; x_wconf 85' lang='lat' dir='ltr'><strong>es.</strong></span> <span class='ocrx_word' id='word_1_90' title='bbox 774 1987 934 2076; x_wconf 86' lang='lat' dir='ltr'><strong>Quarum</strong></span> <span class='ocrx_word' id='word_1_91' title='bbox 957 1975 1139 2081; x_wconf 82' lang='lat' dir='ltr'><strong>expeditis</strong></span> <span class='ocrx_word' id='word_1_92' title='bbox 1165 1981 1253 2058; x_wconf 87' lang='lat' dir='ltr'><strong>iam.</strong></span> 
     </span>
     <span class='ocr_line' id='line_1_16' title="bbox 165 2101 1254 2204; baseline -0.007 -30"><span class='ocrx_word' id='word_1_93' title='bbox 165 2189 170 2198; x_wconf 27' lang='grc' dir='ltr'>ι</span> <span class='ocrx_word' id='word_1_94' title='bbox 200 2101 359 2204; x_wconf 67' lang='lat' dir='ltr'><strong>(pridem</strong></span> <span class='ocrx_word' id='word_1_95' title='bbox 389 2108 479 2179; x_wconf 79' lang='lat' dir='ltr'><strong>eatis</strong></span> <span class='ocrx_word' id='word_1_96' title='bbox 503 2104 670 2179; x_wconf 76' lang='lat' dir='ltr'><strong>tettciter</strong></span> <span class='ocrx_word' id='word_1_97' title='bbox 695 2106 758 2197; x_wconf 84' lang='lat' dir='ltr'><strong>iis,</strong></span> <span class='ocrx_word' id='word_1_98' title='bbox 785 2127 878 2203; x_wconf 84' lang='lat' dir='ltr'><strong>quas</strong></span> <span class='ocrx_word' id='word_1_99' title='bbox 903 2126 1027 2175; x_wconf 86' lang='lat' dir='ltr'><strong>rerum</strong></span> <span class='ocrx_word' id='word_1_100' title='bbox 1053 2117 1254 2202; x_wconf 82' lang='lat' dir='ltr'><strong>gestarum.</strong></span> 
     </span>
     <span class='ocr_line' id='line_1_17' title="bbox 200 2209 1255 2324; baseline -0.004 -27"><span class='ocrx_word' id='word_1_101' title='bbox 200 2239 371 2324; x_wconf 87' lang='lat' dir='ltr'><strong>tempora</strong></span> <span class='ocrx_word' id='word_1_102' title='bbox 398 2209 619 2315; x_wconf 79' lang='lat' dir='ltr'><strong>offerebant,</strong></span> <span class='ocrx_word' id='word_1_103' title='bbox 652 2249 726 2300; x_wconf 87' lang='lat' dir='ltr'><strong>uua</strong></span> <span class='ocrx_word' id='word_1_104' title='bbox 762 2249 822 2299; x_wconf 91' lang='lat' dir='ltr'><strong>me</strong></span> <span class='ocrx_word' id='word_1_105' title='bbox 837 2248 840 2254; x_wconf 91' lang='lat'>·</span> <span class='ocrx_word' id='word_1_106' title='bbox 857 2223 1013 2299; x_wconf 84' lang='lat' dir='ltr'><strong>maxime</strong></span> <span class='ocrx_word' id='word_1_107' title='bbox 1038 2219 1255 2323; x_wconf 74' lang='lat' dir='ltr'><strong>torquebat,</strong></span> 
     </span>
     <span class='ocr_line' id='line_1_18' title="bbox 203 2344 1241 2446; baseline 0 -30"><span class='ocrx_word' id='word_1_108' title='bbox 203 2369 256 2436; x_wconf 86' lang='lat' dir='ltr'><strong>aa,</strong></span> <span class='ocrx_word' id='word_1_109' title='bbox 283 2371 379 2446; x_wconf 88' lang='lat' dir='ltr'><strong>quae</strong></span> <span class='ocrx_word' id='word_1_110' title='bbox 405 2349 443 2420; x_wconf 89' lang='lat' dir='ltr'><strong>in</strong></span> <span class='ocrx_word' id='word_1_111' title='bbox 469 2350 638 2446; x_wconf 85' lang='lat' dir='ltr'><strong>ipsorum</strong></span> <span class='ocrx_word' id='word_1_112' title='bbox 664 2361 989 2421; x_wconf 81' lang='lat' dir='ltr'><strong>monumentorum</strong></span> <span class='ocrx_word' id='word_1_113' title='bbox 1006 2344 1158 2443; x_wconf 88' lang='lat' dir='ltr'><strong>ancipiti</strong></span> <span class='ocrx_word' id='word_1_114' title='bbox 1174 2367 1241 2416; x_wconf 89' lang='lat' dir='ltr'><strong>ra-</strong></span> 
     </span>
     <span class='ocr_line' id='line_1_19' title="bbox 202 2461 1242 2568; baseline -0.004 -30"><span class='ocrx_word' id='word_1_115' title='bbox 202 2469 301 2544; x_wconf 91' lang='lat' dir='ltr'><strong>tione</strong></span> <span class='ocrx_word' id='word_1_116' title='bbox 334 2483 373 2543; x_wconf 82' lang='lat' dir='ltr'><strong>et</strong></span> <span class='ocrx_word' id='word_1_117' title='bbox 406 2465 666 2561; x_wconf 78' lang='lat' dir='ltr'><strong>archontibus,</strong></span> <span class='ocrx_word' id='word_1_118' title='bbox 701 2491 805 2568; x_wconf 73' lang='lat' dir='ltr'><strong>quos‘</strong></span> <span class='ocrx_word' id='word_1_119' title='bbox 824 2463 1047 2566; x_wconf 81' lang='lat' dir='ltr'><strong>praeferunt,</strong></span> <span class='ocrx_word' id='word_1_120' title='bbox 1073 2461 1242 2564; x_wconf 88' lang='lat' dir='ltr'><strong>pseude-</strong></span> 
     </span>
     <span class='ocr_line' id='line_1_20' title="bbox 202 2569 1240 2691; baseline -0.003 -31"><span class='ocrx_word' id='word_1_121' title='bbox 202 2591 377 2691; x_wconf 87' lang='lat' dir='ltr'><strong>pouymis</strong></span> <span class='ocrx_word' id='word_1_122' title='bbox 419 2569 640 2687; x_wconf 84' lang='lat' dir='ltr'><strong>praesertim</strong></span> <span class='ocrx_word' id='word_1_123' title='bbox 684 2603 859 2664; x_wconf 85' lang='lat' dir='ltr'><strong>versatur.</strong></span> <span class='ocrx_word' id='word_1_124' title='bbox 927 2589 969 2658; x_wconf 90' lang='lat' dir='ltr'><strong>ln</strong></span> <span class='ocrx_word' id='word_1_125' title='bbox 1011 2605 1084 2685; x_wconf 86' lang='lat' dir='ltr'><strong>qua·</strong></span> <span class='ocrx_word' id='word_1_126' title='bbox 1128 2608 1240 2685; x_wconf 89' lang='lat' dir='ltr'><strong>quum</strong></span> 
     </span>
     <span class='ocr_line' id='line_1_21' title="bbox 205 2705 1243 2809; baseline -0.005 -28"><span class='ocrx_word' id='word_1_127' title='bbox 205 2709 336 2799; x_wconf 77' lang='lat' dir='ltr'><strong>etiam,</strong></span> <span class='ocrx_word' id='word_1_128' title='bbox 353 2724 550 2808; x_wconf 81' lang='lat' dir='ltr'><strong>postquam</strong></span> <span class='ocrx_word' id='word_1_129' title='bbox 576 2709 737 2809; x_wconf 85' lang='lat' dir='ltr'><strong>primam</strong></span> <span class='ocrx_word' id='word_1_130' title='bbox 764 2711 838 2783; x_wconf 90' lang='lat' dir='ltr'><strong>iam</strong></span> <span class='ocrx_word' id='word_1_131' title='bbox 870 2705 960 2782; x_wconf 83' lang='lat' dir='ltr'><strong>libri</strong></span> <span class='ocrx_word' id='word_1_132' title='bbox 986 2708 1062 2780; x_wconf 89' lang='lat' dir='ltr'><strong>mei</strong></span> <span class='ocrx_word' id='word_1_133' title='bbox 1097 2720 1243 2806; x_wconf 88' lang='lat' dir='ltr'><strong>partem</strong></span> 
     </span>
     <span class='ocr_line' id='line_1_22' title="bbox 194 2819 1243 2928; baseline -0.005 -25"><span class='ocrx_word' id='word_1_134' title='bbox 194 2845 415 2928; x_wconf 82' lang='lat' dir='ltr'><strong>temporum</strong></span> <span class='ocrx_word' id='word_1_135' title='bbox 464 2855 635 2906; x_wconf 87' lang='lat' dir='ltr'><strong>meorum</strong></span> <span class='ocrx_word' id='word_1_136' title='bbox 660 2825 822 2904; x_wconf 41' lang='lat' dir='ltr'><strong>*cedens</strong></span> <span class='ocrx_word' id='word_1_137' title='bbox 873 2819 1082 2904; x_wconf 71' lang='lat' dir='ltr'><strong>necescitati</strong></span> <span class='ocrx_word' id='word_1_138' title='bbox 1124 2842 1243 2926; x_wconf 79' lang='lat' dir='ltr'><strong>typo·-</strong></span> 
     </span>
     <span class='ocr_line' id='line_1_23' title="bbox 204 2947 1243 3052; baseline -0.005 -28"><span class='ocrx_word' id='word_1_139' title='bbox 204 2949 355 3052; x_wconf 78' lang='lat' dir='ltr'><strong>graphis</strong></span> <span class='ocrx_word' id='word_1_140' title='bbox 396 2947 637 3043; x_wconf 73' lang='lat' dir='ltr'><strong>tradideram,</strong></span> <span class='ocrx_word' id='word_1_141' title='bbox 678 2950 825 3052; x_wconf 78' lang='lat' dir='ltr'><strong>longius</strong></span> <span class='ocrx_word' id='word_1_142' title='bbox 861 2948 1076 3040; x_wconf 82' lang='lat' dir='ltr'><strong>detinebar,</strong></span> <span class='ocrx_word' id='word_1_143' title='bbox 1118 2970 1243 3048; x_wconf 86' lang='lat' dir='ltr'><strong>neque</strong></span> 
     </span>
     <span class='ocr_line' id='line_1_24' title="bbox 204 3063 1244 3170; baseline -0.002 -27"><span class='ocrx_word' id='word_1_144' title='bbox 204 3088 326 3148; x_wconf 86' lang='lat' dir='ltr'><strong>tamen</strong></span> <span class='ocrx_word' id='word_1_145' title='bbox 362 3069 501 3146; x_wconf 90' lang='lat' dir='ltr'><strong>nodum</strong></span> <span class='ocrx_word' id='word_1_146' title='bbox 545 3097 588 3146; x_wconf 83' lang='lat' dir='ltr'><strong>ex</strong></span> <span class='ocrx_word' id='word_1_147' title='bbox 627 3073 724 3146; x_wconf 88' lang='lat' dir='ltr'><strong>votis</strong></span> <span class='ocrx_word' id='word_1_148' title='bbox 767 3063 914 3146; x_wconf 72' lang='lat' dir='ltr'><strong>soluere</strong></span> <span class='ocrx_word' id='word_1_149' title='bbox 947 3087 1135 3170; x_wconf 87' lang='lat' dir='ltr'><strong>poteram,</strong></span> <span class='ocrx_word' id='word_1_150' title='bbox 1178 3071 1244 3142; x_wconf 85' lang='lat' dir='ltr'><strong>in·-</strong></span> 
     </span>
     <span class='ocr_line' id='line_1_25' title="bbox 206 3177 1257 3292; baseline 0.004 -26"><span class='ocrx_word' id='word_1_151' title='bbox 206 3207 418 3292; x_wconf 84' lang='lat' dir='ltr'><strong>exspeotato</strong></span> <span class='ocrx_word' id='word_1_152' title='bbox 445 3190 536 3264; x_wconf 90' lang='lat' dir='ltr'><strong>mihi</strong></span> <span class='ocrx_word' id='word_1_153' title='bbox 562 3191 713 3286; x_wconf 83' lang='lat' dir='ltr'><strong>accidit,</strong></span> <span class='ocrx_word' id='word_1_154' title='bbox 749 3191 939 3284; x_wconf 85' lang='lat' dir='ltr'><strong>Boeokhi,</strong></span> <span class='ocrx_word' id='word_1_155' title='bbox 954 3207 999 3270; x_wconf 84' lang='lat' dir='ltr'><strong>¹ut</strong></span> <span class='ocrx_word' id='word_1_156' title='bbox 1024 3215 1045 3264; x_wconf 93' lang='lat' dir='ltr'><strong>a</strong></span> <span class='ocrx_word' id='word_1_157' title='bbox 1071 3194 1125 3264; x_wconf 85' lang='lat' dir='ltr'><strong>Te</strong></span> <span class='ocrx_word' id='word_1_158' title='bbox 1146 3177 1257 3270; x_wconf 45' lang='lat' dir='ltr'><strong>&#39;cors</strong></span> 
     </span>
    </p>
   </div>
   <div class='ocr_carea' id='block_1_5' title="bbox 32 3432 1335 4126">
    <p class='ocr_par' dir='ltr' id='par_1_6' title="bbox 32 3432 1335 4126">
     <span class='ocr_line' id='line_1_26' title="bbox 205 3432 1335 3536; baseline -0.004 -28"><span class='ocrx_word' id='word_1_159' title='bbox 205 3438 390 3536; x_wconf 76' lang='lat' dir='ltr'><strong>posuisse.</strong></span> <span class='ocrx_word' id='word_1_160' title='bbox 451 3435 550 3528; x_wconf 89' lang='lat' dir='ltr'><strong>Quin</strong></span> <span class='ocrx_word' id='word_1_161' title='bbox 582 3438 639 3508; x_wconf 86' lang='lat' dir='ltr'><strong>Tu</strong></span> <span class='ocrx_word' id='word_1_162' title='bbox 672 3437 781 3510; x_wconf 86' lang='lat' dir='ltr'><strong>etiam</strong></span> <span class='ocrx_word' id='word_1_163' title='bbox 815 3435 938 3510; x_wconf 84' lang='lat' dir='ltr'><strong>statim</strong></span> <span class='ocrx_word' id='word_1_164' title='bbox 970 3434 1090 3534; x_wconf 85' lang='lat' dir='ltr'><strong>ipsam</strong></span> <span class='ocrx_word' id='word_1_165' title='bbox 1124 3434 1243 3508; x_wconf 89' lang='lat' dir='ltr'><strong>Tuam</strong></span> <span class='ocrx_word' id='word_1_166' title='bbox 1326 3432 1335 3439; x_wconf 82' lang='grc'><strong><em>’</em></strong></span> 
     </span>
     <span class='ocr_line' id='line_1_27' title="bbox 206 3552 1257 3656; baseline -0.002 -28"><span class='ocrx_word' id='word_1_167' title='bbox 206 3555 255 3628; x_wconf 91' lang='lat' dir='ltr'><strong>de</strong></span> <span class='ocrx_word' id='word_1_168' title='bbox 281 3552 524 3636; x_wconf 84' lang='lat' dir='ltr'><strong>archontibus</strong></span> <span class='ocrx_word' id='word_1_169' title='bbox 549 3555 679 3630; x_wconf 81' lang='lat' dir='ltr'><strong>Atticis</strong></span> <span class='ocrx_word' id='word_1_170' title='bbox 704 3554 1022 3656; x_wconf 79' lang='lat' dir='ltr'><strong>pseudcpooymis</strong></span> <span class='ocrx_word' id='word_1_171' title='bbox 1037 3558 1257 3630; x_wconf 83' lang='lat' dir='ltr'><strong>Comnren-.</strong></span> 
     </span>
     <span class='ocr_line' id='line_1_28' title="bbox 155 3669 1242 3778; baseline -0.002 -28"><span class='ocrx_word' id='word_1_172' title='bbox 155 3746 157 3750; x_wconf 79' lang='grc'>,</span> <span class='ocrx_word' id='word_1_173' title='bbox 207 3677 403 3776; x_wconf 84' lang='lat' dir='ltr'><strong>tationem,</strong></span> <span class='ocrx_word' id='word_1_174' title='bbox 437 3701 551 3775; x_wconf 88' lang='lat' dir='ltr'><strong>quum</strong></span> <span class='ocrx_word' id='word_1_175' title='bbox 585 3669 752 3776; x_wconf 83' lang='lat' dir='ltr'><strong>primum</strong></span> <span class='ocrx_word' id='word_1_176' title='bbox 790 3677 890 3777; x_wconf 74' lang='lat' dir='ltr'><strong>typis</strong></span> <span class='ocrx_word' id='word_1_177' title='bbox 929 3678 1113 3778; x_wconf 82' lang='lat' dir='ltr'><strong>exscripta</strong></span> <span class='ocrx_word' id='word_1_178' title='bbox 1154 3689 1242 3766; x_wconf 87' lang='lat' dir='ltr'><strong>erat,</strong></span> 
     </span>
     <span class='ocr_line' id='line_1_29' title="bbox 130 3794 1244 3896; baseline 0.003 -29"><span class='ocrx_word' id='word_1_179' title='bbox 130 3844 132 3849; x_wconf 90' lang='lat'><em>-</em></span> <span class='ocrx_word' id='word_1_180' title='bbox 206 3795 299 3892; x_wconf 60' lang='lat' dir='ltr'><strong>licet¹</strong></span> <span class='ocrx_word' id='word_1_181' title='bbox 320 3795 490 3878; x_wconf 84' lang='lat' dir='ltr'><strong>nondum</strong></span> <span class='ocrx_word' id='word_1_182' title='bbox 504 3794 659 3896; x_wconf 87' lang='lat' dir='ltr'><strong>&#39;publici</strong></span> <span class='ocrx_word' id='word_1_183' title='bbox 684 3798 774 3872; x_wconf 90' lang='lat' dir='ltr'><strong>iuris</strong></span> <span class='ocrx_word' id='word_1_184' title='bbox 800 3797 934 3872; x_wconf 82' lang='lat' dir='ltr'><strong>factam</strong></span> <span class='ocrx_word' id='word_1_185' title='bbox 960 3823 1107 3873; x_wconf 86' lang='lat' dir='ltr'><strong>mecum</strong></span> <span class='ocrx_word' id='word_1_186' title='bbox 1134 3807 1244 3870; x_wconf 86' lang='lat' dir='ltr'><strong>conr-</strong></span> 
     </span>
     <span class='ocr_line' id='line_1_30' title="bbox 207 3916 1243 4029; baseline 0.004 -39"><span class='ocrx_word' id='word_1_187' title='bbox 207 3919 408 4011; x_wconf 82' lang='lat' dir='ltr'><strong>municaeti,</strong></span> <span class='ocrx_word' id='word_1_188' title='bbox 434 3921 621 4000; x_wconf 82' lang='lat' dir='ltr'><strong>recitatam</strong></span> <span class='ocrx_word' id='word_1_189' title='bbox 638 3916 738 3992; x_wconf 88' lang='lat' dir='ltr'><strong>illam</strong></span> <span class='ocrx_word' id='word_1_190' title='bbox 752 3943 774 3992; x_wconf 87' lang='lat' dir='ltr'><strong>a</strong></span> <span class='ocrx_word' id='word_1_191' title='bbox 789 3921 842 3995; x_wconf 81' lang='lat' dir='ltr'><strong>Te</strong></span> <span class='ocrx_word' id='word_1_192' title='bbox 856 3941 887 3992; x_wconf 84' lang='lat' dir='ltr'><strong>a.</strong></span> <span class='ocrx_word' id='word_1_193' title='bbox 902 3916 938 3993; x_wconf 90' lang='lat' dir='ltr'><strong>d.</strong></span> <span class='ocrx_word' id='word_1_194' title='bbox 960 3943 1016 3994; x_wconf 81' lang='lat' dir='ltr'><strong>to.</strong></span> <span class='ocrx_word' id='word_1_195' title='bbox 1031 3921 1110 3994; x_wconf 92' lang='lat' dir='ltr'><strong>Iulii</strong></span> <span class='ocrx_word' id='word_1_196' title='bbox 1133 3926 1243 4029; x_wconf 58' lang='lat'><strong>1837.</strong></span> 
     </span>
     <span class='ocr_line' id='line_1_31' title="bbox 32 4037 1243 4126; baseline 0 -10"><span class='ocrx_word' id='word_1_197' title='bbox 32 4037 38 4042; x_wconf 61' lang='grc'><em>“</em></span> <span class='ocrx_word' id='word_1_198' title='bbox 78 4093 80 4097; x_wconf 90' lang='grc'>-</span> <span class='ocrx_word' id='word_1_199' title='bbox 207 4039 490 4125; x_wconf 64' lang='lat' dir='ltr'><strong>in&#39;Academiaa</strong></span> <span class='ocrx_word' id='word_1_200' title='bbox 520 4040 738 4120; x_wconf 78' lang='lat' dir='ltr'><strong>Borussioae</strong></span> <span class='ocrx_word' id='word_1_201' title='bbox 755 4038 1018 4120; x_wconf 71' lang='lat' dir='ltr'><strong>Berolinensis</strong></span> <span class='ocrx_word' id='word_1_202' title='bbox 1040 4055 1243 4126; x_wconf 74' lang='lat' dir='ltr'><strong>consessu.</strong></span> 
     </span>
    </p>
   </div>
   <div class='ocr_carea' id='block_1_6' title="bbox 0 0 1369 4782">
    <p class='ocr_par' dir='ltr' id='par_1_7' title="bbox 0 0 1369 4782">
     <span class='ocr_line' id='line_1_32' title="bbox 0 0 1369 4782; baseline 0 0"><span class='ocrx_word' id='word_1_203' title='bbox 0 0 1369 4782; x_wconf 95' lang='lat' dir='ltr'><strong> </strong></span> 
     </span>
    </p>
   </div>
  </div>
 </body>
</html>
