2706 4782
630 315 659 356 ,·
709 280 751 349 38

650 371 809 402 *⁸¹¹⁸*-

207 456 356 527 navalem
378 477 542 548 perquam
557 433 747 545 opportune
767 452 861 518 sitam
875 449 997 534 (Thue.
1019 449 1078 532 lv,
1106 454 1178 550 108)
1199 477 1268 520 ve-v

138 611 141 623 .
206 561 350 630 risimile
372 575 421 626 est
431 559 652 626 Athenienses
675 579 811 649 quoque
827 573 978 647 tempore
997 552 1169 624 vindicare
1191 558 1260 624 sibi

87 739 90 747 ,
208 690 278 734 esse
301 680 444 732 conatos.
490 661 661 730 Continuo
685 657 788 752 igitur
810 661 933 753 partim
956 683 1035 726 cum
1057 658 1260 728 Macedoni-

104 750 106 754 Ι
169 749 170 754 ¹
205 773 280 852 bus,
302 759 427 862 partim
456 790 534 833 cum
563 766 646 862 ipsis
669 762 931 856 Amphipolitis,
960 759 1133 833 interdiu
1154 749 1260 834 etiam

70 878 72 882 ’
207 893 291 946 cum
310 871 497 949 Thracibus
529 870 572 938 de
599 870 683 937 urbe
711 867 773 934 illa
800 866 983 936 decertasse
1011 867 1184 952 videntur,
1218 869 1261 937 id

179 1031 181 1038 s
207 979 302 1073 quod-
321 974 418 1044 facile
441 971 654 1046 concluditur
675 997 716 1040 ex
738 970 850 1040 Schol.
874 972 917 1039 ad
938 973 1057 1040 Aeseh.
1080 971 1104 1039 l.
1128 998 1168 1058 c.,
1191 977 1260 1068 qui
1347 1019 1348 1026 κ

207 1083 319 1152 clades
340 1080 599 1156 Atheniensium
620 1079 659 1146 in
672 1075 874 1170 'Amphipoli
896 1075 1093 1169 occupanda-
1102 1097 1261 1171 acceptas

96 1175 98 1180 ’
205 1201 530 1260 novemenumerat.
573 1185 736 1276 Amyntas
763 1205 860 1263 vero,
893 1197 959 1270 rex,
976 1181 1198 1250 Macedoniae
1222 1201 1260 1252 et

204 1309 302 1384 pater
325 1288 499 1381 Philippi,
542 1287 601 1378 qui
632 1284 788 1380 expulsus
816 1288 962 1378 imperio
986 1285 1027 1352 ab
1068 1285 1194 1379 illyriis
1222 1305 1262 1356 et
1348 1305 1349 1316 ¹

201 1393 345 1470 ,Graecis
367 1391 526 1470 ‚subsidiis
554 1393 725 1464 restitutus
759 1392 873 1476 (lsoer.
898 1389 1095 1458 Archidam.
1130 1417 1166 1484 Ρ.
1193 1395 1260 1484 189
1349 1426 1350 1488 ν

100 1570 102 1574 ,
205 1498 343 1591 hang),
369 1519 574 1594 propensam
607 1497 752 1564 maxime
790 1497 827 1562 iu
868 1495 1089 1563 Athenienses
1121 1519 1260 1591 semper
1349 1503 1350 1518 ¹

205 1600 583 1678 voluntatemservabat
618 1599 754 1696 (Aescb.
783 1597 807 1667 l.
838 1624 867 1666 c.
888 1623 923 1694 Ρ.
947 1600 1013 1683 32),
1044 1611 1162 1668 eorum
1184 1625 1257 1668 esse

72 1767 87 1790 ,¹
206 1704 434 1800 Amphipolin
450 1704 637 1788 declaravit,
660 1706 776 1796 eisque
788 1721 826 1772 ut
838 1720 1103 1796 recuperaretur,
1116 1702 1253 1798 publice
1350 1744 1351 1788 ν

206 1812 397 1904 proposuit:
421 1813 600 1896 συμμαχίας
619 1809 681 1898 γὰρ
698 1799 966 1896 Λακεδαιμονίαν
987 1809 1038 1874 καλ
1065 1815 1130 1876 τῶν
1151 1809 1255 1876 ἄλλων

46 1991 48 1994 ,
202 1912 357 2002 Ἑλλήνων
387 1916 618 2001 συνελθούσης,
653 1910 707 1998 εἷς-ν
729 1912 774 1979 ὢν
792 1911 925 1978 τούτων
951 1911 1107 1996 Ἀμύντας
1132 1953 1177 1966 -·
1202 1916 1258 1982 καὶ

42 2027 46 2033 ’
115 2051 116 2054 “
175 2053 178 2076 s
206 2020 337 2111 ’πέμπων
364 2017 512 2108 σύνεδρον
540 2020 591 2090 καὶ
618 2023 676 2104 τῆς
702 2018 775 2082 καθ’
803 2013 899 2084 αυτὸν
917 2015 1046 2106 ,ψήφου
1073 2013 1178 2104 κύριος
1210 2017 1259 2085 ὢν
1351 2073 1352 2084 ,

190 2123 387 2216 ’ἐψηφίσατο
403 2121 591 2212 Ἀμφίπολιν
612 2119 671 2210 τὴν
686 2119 865 2206 Ἀθηναίων
886 2125 1074 2209 συνεξαιρεῖν
1087 2119 1168 2205 μετὰ
1188 2128 1258 2188 τῶν

207 2225 311 2316 ἄλλων
333 2221 489 2314 Ἑλλήνων
510 2223 700 2312 Ἀθηναίοις.
751 2225 870 2290 Aesch.
905 2253 938 2292 π.
973 2241 1113 2312 παραπρ.
1140 2249 1176 2317 Ρ.
1210 2227 1255 2294 32

88 2357 92 2363 ·
207 2352 253 2400 m.
298 2329 366 2404 Pax
388 2346 421 2398 et
442 2323 569 2422 foedus,
595 2352 742 2421 quorum
764 2328 821 2394 hic
843 2345 955 2398 orator
975 2330 1185 2396 mentionem
1205 2327 1256 2395 sa-

29 2488 32 2498 ,
65 2513 67 2516 ¹
208 2434 266 2514 eit,
289 2457 326 2503 ea
349 2433 422 2506 sine
445 2431 549 2506 dubio
569 2449 660 2514 ‘sunt
683 2447 769 2528 quae
792 2429 930 2525 Olymp.
946 2426 1022 2514 Cll,
1050 2457 1060 2498 1
1088 2431 1252 2500 Lacedae-

207 2538 347 2612 monios·
359 2540 449 2606 inter
470 2556 504 2606 et
518 2539 740 2606 Athenienses
763 2555 959 2630 ceterosque
974 2536 1134 2622 Graecos,
1158 2561 1258 2606 exoc-

205 2644 273 2733 ptis
293 2641 494 2726 Thebanis,
517 2641 676 2709 accidisse
699 2639 801 2708 Diod.
825 2641 860 2708 S.
890 2640 993 2708 refert
1020 2641 1103 2723 XV,
1138 2645 1177 2713 50
1184 2692 1195 2723 ,
1217 2659 1252 2710 et

148 2758 151 2766 '
207 2738 302 2810 euius
326 2747 511 2812 accuratior
533 2741 715 2835 descriptio
736 2743 880 2835 petenda
910 2763 960 2813 est
978 2749 1006 2812 'e
1027 2747 1253 2841 Xenophonte

207 2846 379 2928 Bell-Vl,
402 2849 434 2928 3,
462 2849 511 2915 18.
554 2845 779 2916 Nihilominus
808 2849 1072 2918 Atheniensibus
1100 2875 1180 2920 mox
1201 2877 1256 2920 ar-

83 2996 85 3001 ·
207 2954 273 3022 mis
295 2943 535 3019 decertandum
566 2975 667 3044 super
693 2952 893 3045 Amphipoli
920 2978 999 3022 cum
1025 2955 1066 3023 iis
1089 2973 1174 3038 erat,
1192 2959 1257 3050 qui

207 3065 284 3150 post
306 3059 491 3150 Amyntam
507 3056 649 3148 imperio
663 3057 880 3128 Macedoniae
894 3059 1121 3151 potiebantur,
1143 3058 1256 3130 donec

207 3161 388 3255 Philippus
408 3158 527 3228 fraude
547 3162 651 3254 magis
683 3185 786 3256 quam
803 3164 901 3235 ,iusto
922 3162 1015 3232 bello
1046 3165 1167 3231 urbem
1187 3164 1256 3234 sibi

208 3267 388 3340 obnoxiam
408 3263 569 3334 reddidit.
612 3265 775 3360 Amyntas
809 3266 901 3333 enim
924 3267 1064 3361 Olymp.
1088 3271 1155 3336 iam
1177 3269 1255 3352 Cll,
1330 3315 1332 3319 -

175 3457 177 3464 Ι
207 3372 228 3442 3
249 3371 316 3445 vita
337 3371 476 3440 excessit
497 3368 611 3456 (Diod
634 3370 670 3440 S.
691 3363 769 3453 XV,
791 3371 861 3459 60),
882 3369 1008 3439 relictis
1029 3373 1139 3440 tribus
1161 3371 1255 3456 liliis,

101 3551 103 3554 ¹
207 3497 355 3568 quorum
381 3471 573 3540 Alexander
597 3490 678 3541 natu
706 3477 868 3543 maximus
896 3463 1041 3570 regnum
1073 3475 1255 3572 paternum

207 3569 361 3678 suscepit,
384 3577 444 3654 sed
465 3595 542 3671 post
569 3603 718 3646 annuum
747 3581 892 3673 spatium
921 3578 998 3650 dolo
1030 3583 1252 3676 interemptus

93 3679 95 3688 ’
156 3734 158 3738 s
207 3683 326 3760 amisit.
370 3683 537 3758 Successit
556 3683 659 3774 igitur
679 3684 873 3752 interfector
887 3684 1096 3754 Ptolemaeus
1107 3685 1255 3754 Alorites

208 3784 348 3894 Olymp,
378 3787 478 3868 0111,
505 3811 516 3853 1
544 3787 660 3877 (Diod.
692 3790 728 3858 S.
751 3791 845 3873 XV,
864 3791 939 3882 71),
973 3815 1075 3885 quem
1103 3792 1253 3859 occisum

61 3928 63 3933 s
129 3903 131 3910 ’
203 3881 400 3972 Perdiccas,
440 3895 606 3988 Amyntae
636 3894 800 3965 secundus
830 3893 934 3979 filius,
970 3897 1165 3987 subsecutus
1202 3912 1255 3965 est

159 4076 161 4080 Ι
209 3993 346 4088 Olymp·
372 3995 466 4078 (llll,
501 3998 532 4092 4
556 3995 657 4086 Diod.
680 3999 714 4067 S.
737 4001 820 4081 XV,
850 4025 902 4092 77.
934 4001 965 4068 ls
988 3999 1136 4093 denique
1157 4018 1253 4092 post-

207 4089 394 4203 quam'per
416 4101 567 4203 quinque
593 4113 698 4172 annos
725 4115 933 4198 regnaverat,
961 4103 1110 4198 Olymp..
1133 4101 1206 4186 CV,
1233 4127 1246 4177 t
