2750 4772
537 287 694 396 Q

98 453 248 548 Philippi
277 453 451 546 impressio
485 453 691 532 imminebat,
714 453 887 520 moenium
918 453 1134 537 curatoribus,

97 560 276 651 ipsumque
298 580 377 624 cum
397 578 517 625 nouem
538 553 611 624 aliis
634 578 653 622 a
682 556 771 624 tribu
793 578 851 622 sua
872 556 1044 639 τειχοποιὸν
1066 581 1136 628 esse
1179 639 1190 656 .

97 659 239 732 electum
270 659 532 753 Scirophorioue
563 662 719 742 ineunte,
756 661 872 752 paucis
899 676 975 727 ante
1004 680 1135 755 captam

97 763 245 833 Elateam
258 763 388 846 diebus,
410 779 459 845 ut,
472 763 614 836 'simale
635 786 688 830 res
711 779 853 830 verteret
872 764 1135 859 repentinaeque

95 869 323 962 impressionis
342 885 449 936 metus
472 867 592 934 urbem
613 865 795 946 invaderet,
817 867 924 959 parati
947 886 1055 936 esseut
1076 871 1135 964 qui
1194 861 1196 866 ’

95 974 192 1066 operi
220 973 294 1040 sine
319 993 414 1040 mora
435 994 573 1040 manum
595 985 813 1062 apponerent,
836 971 880 1038 ita
903 988 1032 1040 utnon
1054 996 1135 1042 con-

95 1079 190 1145 tinuo
213 1097 297 1168 opus
317 1077 506 1171 inceptum,
536 1073 596 1142 sed
617 1071 759 1142 dilatum
780 1075 824 1141 sit
843 1075 881 1140 in
903 1077 1157 1168 tempestivum¹
1255 1099 1257 1106 ⁴
1285 1117 1288 1124 ·

95 1197 311 1262 momentum,
335 1202 404 1273 quo
425 1178 527 1272 magis
550 1197 622 1247 tum
652 1177 761 1246 adhuc
782 1179 890 1247 omnis
912 1171 1057 1273 pecunia
1078 1204 1137 1250 co*
1206 1225 1207 1230 κ
1259 1241 1262 1250 ,

94 1287 160 1380 piis
189 1299 300 1378 posset
339 1280 580 1376 congregandis
617 1282 771 1376 impendi
811 1300 844 1351 et
872 1283 979 1351 maior
1010 1284 1135 1356 civium

94 1412 253 1456 numerus
286 1387 325 1454 in
359 1411 449 1454 arma
485 1387 596 1454 vocari
626 1386 796 1480 hostique¹
815 1386 946 1454 obviam
978 1387 1039 1455 ire.
1088 1387 1134 1456 Et

94 1494 246 1587 apposita
266 1490 402 1560 fortasse
425 1490 522 1558 etiam
552 1515 670 1556 manus
692 1489 804 1558 statim
834 1507 918 1557 esset
939 1491 1043 1583 operi,
1065 1492 1133 1559 nisi

93 1599 187 1666 brevi
209 1612 295 1690 post,
329 1611 424 1689 capta
443 1593 585 1676 ‘Elatea,
618 1591 830 1663 conciliatum
863 1616 942 1660 cum
961 1591 1133 1660 Thebanis

95 1696 211 1771 foedus
232 1723 348 1768 rerum
374 1697 493 1766 faciem
520 1699 722 1780 mutavisset,
743 1698 849 1789 inque
870 1695 1152 1764 Atheniensibus

94 1829 189 1898 spem
212 1805 379 1872 excitasset
398 1802 486 1883 fore,
517 1819 554 1868 ut
582 1800 625 1868 ad
652 1803 742 1895 ipsos
764 1801 919 1869 Boeotiae
947 1799 1032 1866 fines
1053 1799 1132 1866 Phi·

91 1909 206 2003 lippus
227 1908 377 2003 reprimi,
400 1907 534 2002 ipsique
563 1906 604 1972 ab
633 1906 851 1998 impressione
884 1905 1022 1972 omnino
1048 1901 1133 1971 libe-

92 2015 163 2080 rari
200 2028 345 2106 possent.
404 2011 521 2106 Itaque
552 2010 675 2078 sactum
705 2026 769 2089 est,
810 2024 849 2075 ut
881 2007 1132 2088 Demosthenes,

18 2139 22 2144 ·
94 2116 234 2211 Olymp.
259 2116 339 2198 CX,
368 2141 388 2184 a
419 2133 498 2184 extr.
530 2117 700 2184 moenium
726 2130 858 2181 curator
879 2129 1023 2196 creatus,
1051 2133 1133 2181 con-¹

93 2221 207 2288 ciliatu
229 2245 307 2290 cum
328 2220 497 2288 Thebanis
524 2218 673 2301 loedere,
707 2219 780 2311 ipse
810 2219 888 2285 cu'm
916 2218 1059 2286 exercitu
1089 2214 1132 2282 ad
1220 2287 1226 2298 κ

71 2349 242 2418 pugnam
271 2349 417 2418 egressus
450 2326 509 2407 sit,
547 2323 636 2391 uude
666 2321 791 2416 clypeo¹
824 2322 953 2390 abiecto
989 2321 1133 2414 turpiter
1169 2401 1175 2412 κ

91 2428 205 2523 bigam
227 2453 305 2497 eum
327 2431 454 2524 cepisse
475 2428 738 2501 adversariorum
769 2425 846 2494 tulit
867 2425 1043 2494 calumnia.
1087 2423 1130 2492 V.

89 2533 211 2602 Aesch.
239 2535 276 2600 in
300 2533 387 2602 Ctes.
410 2560 444 2629 p.
468 2533 510 2624 74
524 2551 601 2599 extr.
624 2532 667 2622 76
684 2529 772 2598 med.
801 2534 845 2622 89
868 2547 948 2598 extr.
971 2528 1131 2599 Dinareh.

91 2637 131 2703 in
158 2638 328 2706 Demostb.
356 2663 390 2731 p.
426 2659 472 2705 ιο.
526 2637 612 2706 Plut.
637 2635 807 2704 Demosth.
836 2659 864 2703 c.
888 2657 940 2703 ao.
985 2633 1133 2702 Pseudu-

90 2738 178 2808 Plut.
207 2743 262 2810 vit.
290 2743 333 2810 X.
361 2765 427 2812 orr.
464 2768 499 2836 p.
529 2741 602 2810 263.
641 2733 695 2806 Η.Ι
734 2741 781 2808 lta
810 2741 910 2808 etiam
937 2739 1061 2820 evenit,
1093 2754 1133 2806 ut
1163 2789 1166 2795 ·

88 2861 168 2938 post
192 2870 341 2938 pugnam
368 2846 522 2929 demum,
551 2842 688 2938 Olymp.
720 2844 800 2925 CX,
834 2841 1132 2934 3·Metagitnicne

89 2949 167 3018 Vll.
190 2953 354 3032 amissam,
376 2949 616 3018 Demosthenes
647 2949 794 3016 Athenas
824 2949 985 3015 condano
1018 2946 1131 3027 redux,

91 3077 198 3146 quum
227 3071 308 3122 tunc
346 3053 622 3132 communiendae
654 3053 746 3120 urbis
785 3052 913 3120 adesset
945 3051 1135 3132 necessitas,

89 3156 266 3224 decretum
305 3155 418 3224 tulerit
451 3155 493 3224 de
526 3159 681 3251 pecuniis
710 3157 745 3221 in
786 3158 919 3224 moenia
949 3153 1132 3222 reficienda

89 3259 297 3330 destinandis
327 3263 382 3352 (de
413 3284 479 3330 cor.
503 3287 536 3352 p.
560 3263 648 3351 309).
695 3261 826 3344 Quibus
849 3258 1021 3327 destinatis
1048 3281 1133 3352 opus
1195 3329 1199 3334 ,

89 3365 251 3434 continuo
269 3365 452 3458 inceptum,
479 3381 513 3432 et
527 3363 606 3432 licet
620 3365 788 3456 perbrevi
804 3380 889 3453 post,
908 3363 1049 3460 ipsoque
1064 3365 1133 3435 ism
1234 3350 1241 3370 ²

87 3469 226 3540 fortasse
257 3469 516 3560 Metagituioue,
562 3470 786 3559 inexspectato
820 3467 994 3535 conciliata
1038 3482 1131 3547 esset,

88 3574 323 3642 continuatum
352 3590 417 3653 est,
454 3572 561 3641 donec
596 3571 829 3640 absolveretur.
880 3570 987 3664 quue
1014 3593 1134 3638 ιιιιιιιιιΙΙ

87 3676 172 3747 dum
206 3694 282 3771 post
314 3698 462 3771 pugnam
502 3674 638 3744 demum
676 3679 844 3770 ingressus
878 3673 1148 3755 Demosthenes,=

85 3780 264 3866 τειχοποιός
284 3798 360 3850 ame
383 3798 528 3863 creatus,
560 3781 710 3874 propriis
732 3778 1015 3872 impensisiossas
1037 3799 1147 3870 praest

86 3887 206 3954 sertim
228 3883 403 3953 moenibus
424 3883 677 3978 praeducendas
701 3886 845 3965 curarit,
867 3881 1005 3976 quibus,
1029 3903 1151 3974 qaum.

86 4013 205 4061 mrum
228 4012 305 4058 usus
328 3985 371 4056 ad
393 3986 614 4058 cohibendam
635 3989 740 4057 bostis
759 3988 1016 4081 impressionem
1036 3986 1152 4079 prin-s·

86 4091 208 4186 cipalis
226 4107 309 4164 ‘saue
331 4093 610 4188 gravissimasque
631 4092 862 4186 essen-primo
885 4091 994 4160 statim
1014 4113 1138 4188 xrxarrus¹
1201 4091 1205 4098 ’

309 4235 311 4242 ι
777 4199 820 4264 18
1149 4201 1153 4214 “
