2740 4774
713 233 868 388 ru..

269 451 386 520 biiiter
415 452 542 519 'eoniici
582 467 705 544 potest,
743 477 780 519 ea
811 452 852 520 de
880 475 916 519 re
959 457 1055 520 etiam
1095 455 1130 520 in
1167 456 1309 524 comitiis

270 574 392 636 netum,
416 554 625 622 Aeschinem
647 579 723 622 vero
746 581 765 620 a
792 557 932 649 populo,
964 561 1018 626 eni
1041 581 1111 625 non
1133 562 1240 652 teneri
1263 563 1310 628 vi⁴

272 659 426 740 deretur,
461 644 529 725 eise
564 658 747 725 dimissum.
809 661 951 753 Ipseque
987 663 1230 730 Demosthenes
1265 667 1309 731 ita

270 786 348 832 sane
370 787 444 842 rem
466 781 710 846 commemorat,
732 781 771 829 ut
793 765 866 856 ipsa
888 766 957 831 eins
970 768 1067 833 verba
1088 768 1309 834 adversarium

271 861 341 936 'tum
365 891 434 934 esse
456 865 642 934 absolutum
665 866 851 946 ostendant,
874 870 1044 948 nimirum,
1069 868 1211 962 qnodeo
1225 892 1309 939 tem-

269 995 353 1068 pore
374 967 503 1054 bellum
525 994 601 1036 cum
633 971 793 1063 Philippo
821 971 974 1039 nondum
1001 973 1114 1066 palam
1144 980 1308 1044 exarserit.

360 1077 452 1158 Quae
480 1075 509 1140 si
537 1073 721 1166 probabilis
750 1076 801 1141 rei
822 1078 906 1142 ratio
930 1095 996 1158 est,
1020 1080 1246 1146 testimonium
1270 1080 1309 1146 it-

270 1178 332 1248 lnd
369 1195 466 1243 anta
493 1181 699 1270 praetoribus
727 1189 818 1269 patet
847 1178 975 1246 senatui
1003 1180 1172 1265 traditum,
1203 1202 1259 1250 aut
1292 1211 1309 1250 a

270 1281 505 1362 Demosthene,
528 1283 556 1348 si
579 1279 631 1347 illi
653 1284 765 1374 ipsum
788 1307 864 1348 eum
886 1283 929 1349 ad
950 1303 1100 1351 senatum
1113 1285 1308 1382 delegarint.

271 1387 437 1458 Posterius
458 1385 594 1453 fortasse
615 1388 719 1476 magis
740 1386 886 1478 probent
897 1390 1077 1456 testimonii
1091 1391 1202 1458 verba:
1224 1417 1309 1479 μαρ-

270 1498 398 1581 τυροῦσι
419 1491 619 1576 Δημοσθένει
651 1492 702 1557 καὶ
732 1490 933 1575 ἐπωμόσαντο
948 1493 1009 1560 1ἐπὶ
1032 1500 1095 1560 τῶν
1116 1505 1306 1584 στρατηγῶν.

273 1596 373 1682 Quod
399 1611 474 1660 utut
505 1611 569 1674 est,
610 1595 836 1660 testimonium
866 1612 976 1664 tamen
1003 1600 1041 1664 in
1069 1600 1148 1665 actis
1176 1618 1313 1667 senatus

170 1757 174 1765 .
271 1700 456 1793 repositum
478 1720 558 1779 esse,
581 1720 690 1790 neque
708 1716 779 1764 tum
791 1717 891 1776 certe,
915 1725 1019 1792 quum
1031 1703 1188 1793 agebatur
1201 1729 1307 1785 causa,

93 1833 96 1840 ·
200 1852 203 1856 -
271 1803 327 1872 01.
351 1803 445 1884 CIX,
467 1801 490 1887 4
511 1803 576 1880 in.,
598 1803 636 1866 in
657 1798 822 1868 indicium
851 1804 1017 1896 migrasse,
1046 1808 1226 1873 verisimile
1249 1829 1305 1876 est.

226 1935 236 1950 ·
272 1906 373 1994 Quod
394 1909 422 1974 si
443 1909 490 1972 in
511 1921 570 1986 est,¹
593 1905 855 1972 Demosthenem
877 1930 913 1972 ex
936 1911 1016 1975 actis
1035 1928 1166 1977 senatus
1187 1915 1306 2005 petisse

272 2013 501 2080 testimonium
522 2009 586 2078 hoc
608 2027 710 2101 patet,
734 2034 840 2102 quum
862 2033 901 2077 eo
924 2014 974 2078 nt'i
996 2012 1128 2081 volebat
1149 2017 1186 2080 in
1210 2040 1307 2084 causa

271 2116 517 2209 Ctesiphontea.
571 2113 640 2180 Sed
671 2115 751 2180 huic
782 2113 942 2182 dicendae
969 2114 1238 2211 indicandaeque
1272 2139 1308 2188 ut

269 2222 460 2300 inserviret,
482 2241 560 2284 curn
588 2217 663 2284 aliis
686 2215 892 2286 documentis
926 2220 1145 2311 probabiliter
1171 2223 1307 2292 sortasse

270 2325 394 2393 dixeris
415 2321 639 2414 magistratui,
662 2324 716 2387 cui
736 2347 831 2390 causa
858 2323 896 2390 in
924 2322 1089 2391 iudicium
1110 2325 1308 2396 deducenda
1353 2319 1354 2349 ¹

268 2432 389 2511 fuerit,
419 2425 579 2495 traditum
601 2445 634 2493 et
656 2429 697 2492 ab
718 2428 784 2494 hoc
812 2426 855 2494 ad
876 2446 948 2496 acta
969 2429 1142 2498 iudicialia
1162 2433 1308 2501 relatum

269 2561 349 2602 esse.
379 2534 439 2600 -At
457 2533 600 2599 'crimina
622 2529 699 2612 illa,
730 2555 816 2624 qnae
832 2533 1004 2600 Aeschini
1032 2560 1050 2600 a
1081 2524 1308 2604 Demosthene

269 2643 367 2708 inor.
383 2637 426 2704 de
448 2659 516 2704 cor.
540 2636 754 2717 obiiciantur,
776 2635 951 2705 manifesto
963 2640 1162 2706 exuinsecus
1179 2645 1219 2707 ab
1241 2642 1308 2710 hoc

269 2746 308 2812 in
330 2743 516 2810 orationem
537 2738 676 2806 inducta
697 2758 792 2821 sunt,
823 2764 886 2806 nec
912 2740 1100 2834 quidquam
1129 2768 1308 2812 commune

269 2847 394 2914 habent
416 2869 494 2928 cnm
516 2841 741 2935 Ctesiphontis
774 2844 975 2911 defensione.
1027 2849 1135 2932 Quam
1167 2849 1308 2918 obrem

268 2975 380 3045 neque
401 2949 467 3016 hoe
489 2949 716 3015 testimonium
737 2971 801 3014 nec
830 2946 922 3040 qnod
947 2950 1028 3017 hnic
1055 2952 1224 3020 antecedit
1244 2981 1309 3047 per

257 3065 400 3126 'eausam
422 3052 694 3145 Ctesiphonteam
714 3053 871 3145 migrasse
893 3053 931 3117 in
953 3054 1206 3123 aetaindicialia
1229 3083 1308 3126 cen-

268 3185 336 3243 seo,
358 3159 477 3227 sedin
498 3156 568 3226 sola
589 3159 738 3225 oratione
765 3156 895 3251 prolata
927 3181 946 3222 a
967 3159 1192 3228 Demosthene
1224 3189 1305 3230 esse.

268 3267 386 3356 Itaque
408 3262 636 3330 testimoninm
666 3261 732 3328 hoc
762 3286 869 3353 quum
896 3285 935 3327 ex
962 3259 1040 3330 solis
1070 3266 1149 3332 actis
1174 3286 1305 3335 senatus

268 3372 340 3464 peti
367 3369 513 3458 potuisse
538 3364 674 3457 liqueat,
692 3362 781 3428 nihil
803 3366 872 3431 iam
898 3365 1023 3448 obstat,
1044 3370 1222 3460 quominus
1245 3373 1306 3438 Ni-

268 3476 335 3541 cias
365 3472 465 3538 ctiam
485 3468 778 3562 pseudoponymus
805 3470 912 3536 scriba
944 3472 987 3538 sit
1012 3471 1197 3539 secundum
1223 3500 1306 3567 pry-

270 3578 395 3646 taniam
403 3577 435 3663 *)
442 3623 453 3655 ,
492 3588 547 3653 nt,
580 3572 710 3639 etiamsi
739 3595 792 3640 res
821 3572 865 3640 ad
893 3574 1215 3646 Hecatombaeoncm
1245 3579 1302 3647 01.

313 3912 337 3990 ')
359 3912 390 3970 ln
412 3913 463 3970 hac
485 3911 622 3970 sententia
644 3925 751 3991 perstat
773 3911 935 3971 Boeckhius
957 3915 985 3972 in
1007 3905 1110 3973 litteris
1123 3913 1161 3972 ad
1182 3936 1227 3974 me
1249 3937 1304 3975 nn·

356 3998 481 4080 perrime
495 3996 577 4072 datis,
590 3997 698 4078 quibus
712 4021 802 4080 quum
817 4001 883 4057 mihi
899 4000 1090 4080 significasset,
1113 4003 1303 4062 testimonium

356 4085 413 4145 hcc
437 4083 475 4144 ad
504 4081 689 4164 εῖςαγγελίαν
718 4100 816 4146 centn
837 4087 1006 4148 Aeschinem
1038 4087 1238 4148 instituendam
1266 4089 1303 4148 ad
