2694 4784
725 264 788 324 10¹⁴

677 353 833 364 Μ

236 434 395 526 diemque
416 427 615 496 mutandum
644 429 829 510 censuerit,
852 426 989 496 omnino
1012 423 1287 492 addubitandum

237 555 295 604 est.
352 532 450 620 Quod
485 535 578 601 enim
611 534 747 626 utrique
776 546 979 611 statuerunt,
1013 527 1185 596 decretum
1219 529 1287 596 hoc

208 637 281 710 ‘dc
310 640 500 730 σκεοαγοιγίᾳ
535 632 657 703 eodem
687 634 757 718 die,
791 659 859 728 quo
896 633 1079 732 Dercylps‚
1101 632 1289 700 ‘Chalcide

237 747 387 824 veniens,
410 741 618 834 congregatis
639 741 678 807 in
699 741 817 807 Piraeo
837 737 1099 806 Atheniensibus
1121 739 1290 804 nuncium

238 847 281 918 de
301 845 438 941 prodita
466 871 485 911 a
506 844 667 939 Philippo
690 843 913 913 Phocensium
942 841 1049 908 salute
1070 840 1241 922 attulerit,
1266 844 1290 906 i.

225 977 267 1020 e.
314 948 588 1043 Scirophorionis
611 947 743 1017 XXVII
765 947 870 1016 latum
892 969 972 1028 esse,
995 944 1033 1011 id
1054 945 1165 1012 adhuc
1187 945 1290 1012 valde

237 1074 349 1151 potest
369 1057 407 1121 in
430 1052 675 1121 dubitationem
700 1055 822 1120 vocari.
865 1049 907 1119 ld
936 1047 1030 1144 quod
1057 1051 1290 1119 recentissime

238 1161 364 1227 factum
386 1180 520 1250 quoquc
549 1182 570 1222 a
590 1155 745 1226 Weiskio
773 1174 822 1224 cst
851 1156 909 1246 (de
931 1153 1126 1327 pyperbole
1150 1156 1221 1236 llI,
1252 1181 1289 1246 p.

243 1266 283 1332 18
306 1263 407 1356 sqq.)‚
429 1262 489 1353 qui
505 1262 542 1327 in
554 1261 667 1352 primo
681 1257 820 1353 quidem
838 1259 939 1328 decre
955 1256 1292 1352 0Elaphebolionem

240 1393 303 1460 pro
329 1365 618 1432 Hecatomhaeone
647 1363 920 1432 subsistueudum
940 1387 1011 1458 esse
1041 1387 1111 1432 non
1141 1362 1291 1450 dubitat,

180 1527 184 1536 .
241 1473 278 1538 in
301 1468 403 1538 altero
426 1487 551 1551 autem,
586 1468 615 1536 si
642 1471 807 1538 oratorius
836 1467 997 1536 narrandi
1023 1465 1142 1536 modus
1174 1468 1293 1535 ohser-

240 1559 346 1657 vetur,
369 1591 520 1666 tempora
540 1597 603 1666 pro
633 1573 775 1642 consilio
801 1571 1013 1662 ὑπερβολικῶς
1030 1571 1089 1662 vel
1110 1571 1290 1638 extrahens

241 1678 296 1746 vel
318 1678 527 1760 contrahens,
550 1679 673 1746 servari
692 1675 871 1746 lectionem
886 1702 984 1769 posse
1006 1678 1173 1772 opinatur.
1221 1677 1293 1768 Hy·
1330 1762 1331 1813 1

241 1782 414 1877 perbolice
443 1783 537 1849 enirn
566 1783 754 1851 Phocenses
777 1779 833 1849 01.
858 1781 988 1865 CVIII,
1011 1807 1031 1850 a
1054 1780 1295 1873 Scirophorio-
1330 1823 1332 1868 =,

243 1889 296 1953 nis
327 1886 384 1954 die
413 1887 533 1954 XXIII
560 1889 699 1978 periisse
730 1884 814 1968 dici,
848 1885 915 1954 hoc
944 1884 1082 1980 quidem
1112 1884 1186 1966 die,
1222 1909 1294 1978 quo
1332 1910 1333 1952 ι

243 1989 424 2058 Phalaecus
452 2007 568 2081 pactus
583 1988 661 2082 sibi
691 1991 734 2057 sit
761 1989 907 2058 liberum
936 1991 1137 2084 aPhilippo
1168 1988 1296 2057 disces-
1333 1984 1334 2026 l

244 2117 335 2176 sum,
366 2109 568 2185 expugnatas
595 2109 704 2159 tamen
729 2092 951 2162 Phoceusium
972 2095 1072 2162 urbes
1095 2117 1294 2186 eversosque
1335 2136 1336 2160 ι

247 2196 383 2264 demum
405 2219 474 2262 esse
498 2195 635 2288 Olymp.
660 2195 790 2280 CVIII,
819 2201 838 2269 3
861 2205 984 2265 mense'
998 2199 1291 2290 Maemacterione,

245 2298 333 2368 sacto
361 2316 456 2368 antea
483 2301 786 2394 Amphictyonum,
825 2305 989 2396 quitum
1012 2321 1107 2370 extra
1137 2301 1289 2370 ordinem

200 2423 202 2430 ⁴
247 2407 438 2498 congregati
453 2424 571 2489 essent,
595 2405 744 2494 decreto,
768 2431 835 2500 quo
852 2406 989 2474 demum
1004 2425 1174 2501 comperto
1186 2405 1290 2474 Athe-

246 2511 298 2578 nis
320 2510 434 2605 lugam
462 2508 557 2580 illam
585 2534 626 2580 ex
658 2513 745 2606 agris
774 2510 909 2582 decreto
932 2511 1145 2582 Callisthenis
1168 2513 1296 2579 iussam

248 2637 317 2682 esse
339 2617 389 2707 (p.
413 2622 476 2698 ιο).
555 2665 556 2670 1

335 2717 480 2809 Egregia
509 2739 589 2784 sane
615 2719 779 2786 sententia
806 2738 841 2789 et
871 2745 957 2815 quoe
987 2718 1041 2800 ad¹
1060 2717 1299 2812 explicandam

249 2820 409 2910 temporis
431 2821 469 2886 in
490 2820 599 2912 priori
621 2819 756 2892 decreto
778 2823 1050 2919 depravationem
1063 2824 1297 2919 pulcherrime

156 2969 159 2972 Δ
250 2924 455 3014 conveniret,
477 2924 507 2992 si
529 2947 607 2992 vera
626 2950 741 3007 rerum
763 2929 963 2998 conditione·
979 2933 1057 3000 satis
1079 2947 1191 3022 posset
1213 2954 1296 2997 cou-

17 3109 18 3122 ,
250 3027 389 3096 firmari.
434 3027 522 3096 Nam
544 3029 642 3098 sicuti
663 3034 857 3102 universum
885 3033 971 3102 illud
997 3034 1168 3120 decretum
1191 3034 1298 3128 magis

17 3129 18 3142 ¹
82 3155 85 3162 ’
151 3133 152 3138 ’
251 3154 292 3199 cx
321 3133 483 3200 memoria
500 3137 755 3231 conscriptum,
787 3156 821 3207 et
851 3139 894 3208 ad
923 3157 1133 3231 praesentem
1155 3139 1301 3206 oratoris

250 3251 351 3303 usum
373 3238 660 3309 accommodatum
682 3266 782 3336 supra
808 3241 1062 3335 deprehendere
1083 3242 1180 3310 nobis
1203 3239 1303 3308 vide-

251 3339 415 3423 bamur,
404 3357 451 3408 ιιι
472 3366 565 3411 nunc
587 3347 688 3412 etiam
709 3346 753 3413 de
774 3346 939 3414 industria
961 3373 980 3412 a
994 3347 1225 3442 Munychione
1247 3347 1303 3413 III

252 3446 289 3510 in
312 3441 636 3515 Hecatomhaeonem
656 3446 813 3518 ultimum
835 3450 984 3519 delatum
1006 3468 1199 3546 appareret,
1229 3473 1302 3542 quo

252 3546 376 3616 clarius
397 3549 526 3618 iudices
548 3531 793 3644 intelligerent,
820 3554 1024 3623 Aeschinem
1040 3559 1151 3624 tribus
1173 3556 1304 3622 mensi-

226 3715 231 3730 Ι
253 3651 326 3733 bus,
350 3646 617 3748 Metagitnione,
639 3657 902 3742 Boedromione,
925 3661 1199 3754 P'yanepsione,
1189 3684 1227 3726 ιιι
1251 3659 1304 3726 le-

255 3758 387 3848 gatione
409 3759 561 3828 contritis
582 3759 700 3850 (βραχο
716 3767 938 3854 φροντίσαντες
953 3765 1134 3852 οἱχρηστοὶ
1155 3765 1300 3851 πρέσβεις

254 3852 342 3927 οὗτοι
364 3871 505 3951 καθῆντο
527 3865 561 3932 ἓν
581 3869 767 3958 Μακεδονίᾳ
787 3881 869 3957 τρεῖς
897 3869 989 3947 ὅλους
1014 3875 1125 3956 μῆνας,
1156 3868 1199 3936 de
1230 3891 1298 3935 cor.

256 3990 290 4056 p.
316 3969 409 4053 235),
430 3970 754 4040 Maemacterioue'
744 3992 880 4060 ineunte
909 3998 948 4040 ex
970 3973 1168 4042 Macedonia
1191 3996 1304 4039 rever-

257 4093 331 4138 sum
358 4069 534 4141 fallacibus
565 4072 635 4142 illis
665 4075 838 4167 promissis
865 4079 1086 4146 Athenienses
1120 4077 1306 4170 decepisse,
