2706 4782
656 287 814 392 29,-
933 291 943 322 .

215 467 284 534 ciso
323 461 366 530 ad
394 461 504 552 Aegos
538 459 700 526 Potamon
729 454 988 522 Atheniensium
1019 453 1163 546 imperio
1193 479 1266 523 una

215 595 292 639 cum
320 565 437 634 ceteris
469 563 632 650 Thraciae
658 561 833 651 'Asiaeque
868 559 1010 626 minoris
1046 558 1186 626 aubibus
1217 561 1265 626 ab

215 670 477 741 Atheniensibus
510 665 707 735 abalienatas
744 665 791 730 ita
824 660 1208 730 Lacedaemoniorum'
1198 688 1270 730 rm-

215 780 310 872 perio
342 773 514 843 subiunxit
540 766 730 862 Lysander,
764 784 801 832 ut
831 767 956 858 ubique
985 766 1155 833 hermesta
1183 791 1270 836 cum

217 882 335 950 decem
362 876 535 971 praefectis
572 873 760 940 constitutis
795 863 1030 962 oligarcbieam
1056 869 1269 963 1eipublicae

216 988 360 1054 formam
372 979 544 1048 stabthret
589 976 678 1043 Plut.
697 974 842 1068 Lysand
858 999 886 1040 c
906 975 943 1044 13
957 990 990 1040 et
1009 973 1058 1060 14
1103 975 1266 1068 Xenoph.

132 1083 136 1087 ’
166 1097 173 1111 ’
216 1085 480 1169 flelt.11,2‚5.
524 1079 625 1149 Diod.
648 1079 683 1148 S.
708 1079 802 1164 XIV,
823 1080 854 1148 3.

220 1301 255 1385 3)
275 1297 419 1385 ἐξήλθετε
441 1293 484 1372 εἲς
500 1291 673 1384 Ἁλίαρτον.
714 1375 716 1378 ¹

640 1397 723 1488 olymp,
736 1396 841 1446 ΧίῖἮμ.

306 1505 379 1574 Hoc
401 1505 485 1571 facto
507 1501 678 1570 deminuta
693 1475 1267 1602 p1imumesslbacedaemoniorum

219 1609 420 1690 dominatio,
452 1609 623 1699 erectique
652 1622 730 1672 sunt
752 1602 795 1670 ad
817 1627 911 1696 spem
928 1605 1095 1725 pristinae
1118 1605 1277 1673 auctori-

219 1717 295 1782 tatis
316 1702 565 1835 lecupera'ndae
595 1709 852 1777 Atheniensium
883 1708 996 1774 animi.
1041 1706 1263 1774 Lacedaemo-

218 1821 268 1886 nii
292 1820 385 1889 enim
405 1818 598 1910 principatu
620 1814 762 1907 superbe
796 1831 885 1905 gesto
913 1811 1030 1878 odium
1056 1829 1090 1878 et
1118 1809 1266 1880 aemula-

220 1926 346 1992 tionem
360 1946 438 1990 mox
451 1921 674 2018 plurimarum
687 1917 847 1984 Graeciae
870 1916 1052 1984 civitatium
1068 1917 1268 2018 ercitarnnt.

129 2083 130 2086 ,
220 2026 448 2093 Exacerbabat
470 2048 572 2116 quam
584 2023 727 2088 maxime
742 2021 860 2088 ardens
877 2044 994 2094 eorum
1012 2036 1136 2087 ceteras
1150 2044 1269 2088 rerum

219 2128 434 2224 publicarum
460 2127 583 2194 formas
609 2127 647 2193 in
680 2124 915 2219 oligarchieam
945 2123 1162 2194 convertendi
1195 2143 1270 2193 stu-

221 2233 327 2314 dium,
350 2259 369 2299 a
392 2254 459 2325 quo
482 2255 526 2298 ne
548 2227 638 2323 apud
661 2255 716 2299 eos
739 2230 878 2324 quidem
900 2231 977 2296 satis
995 2248 1194 2322 temperasse
1215 2231 1270 2299 vi-

182 2363 184 2370 ’
218 2338 361 2419 dentur,
389 2360 534 2429 quorum
564 2333 684 2430 auxilio
721 2353 753 2402 et
787 2336 942 2403 societate
974 2334 1077 2402 huno
1095 2327 1268 2427 potentiae

219 2440 361 2535 gradum
383 2442 553 2510 consecuti
574 2456 662 2507 sunt.
707 2439 750 2508 V.
775 2438 931 2530 Xenoph.
955 2436 1043 2506 Heli.
1067 2439 1135 2522 111,
1169 2442 1199 2520 5,
1226 2463 1265 2508 12

129 2605 133 2612 .
219 2565 253 2614 et
278 2548 327 2617 13.
372 2546 484 2613 Auxit.
497 2543 661 2612 invidiam
681 2541 820 2610 bellum·
840 2567 858 2608 a
880 2541 1151 2614 Lacedaemoniis
1173 2543 1268 2612 Eleis

218 2649 374 2730 illatum,
404 2671 472 2740 quo
506 2647 650 2722 feliciter
677 2647 766 2714 inter
795 2646 934 2740 Olymp.
966 2646 1063 2714 XCV
1093 2674 1122 2714 a.
1147 2672 1161 2713 ἰ
1188 2649 1263 2716 et3

157 2829 162 2840 ι
217 2768 392 2828 transacto,
425 2775 546 2842 magna
583 2751 832 2842 possessionum
869 2768 966 2844 parte
1012 2750 1110 2820 Eleos
1148 2748 1266 2846 cedere
1316 2825 1322 2836 ,

142 2847 143 2852 ¹
219 2871 409 2948 coegerunt.
435 2855 522 2945 Xen.
546 2853 635 2920 Hell.
658 2854 725 2935 111,
749 2878 788 2936 a,
812 2879 848 2922 at
877 2879 951 2949 sqq.
995 2856 1086 2926 Haec
1107 2857 1172 2924 fuit
1193 2855 1269 2922 ani-

217 2983 351 3029 morum
373 2957 501 3025 affectio
525 2957 664 3051 Olymp.
687 2959 754 3024 iam
777 2959 891 3042 XCV,
921 2959 960 3046 4,
990 2960 1051 3027 ubi
1081 2959 1270 3052 Agesilaus,

104 3143 109 3148 .
216 3064 563 3132 Lacedaemoniorum
586 3085 655 3144 rex,
680 3063 818 3152 Graecis
840 3065 955 3132 Asiam
977 3066 1146 3164 minorem
1167 3064 1268 3132 inha-

216 3168 400 3236 bitantibus
439 3167 563 3234 auxilio
599 3167 754 3234 adversus
786 3168 1004 3236 Artaxerxem
1042 3169 1161 3236 missus
1194 3192 1268 3236 non

218 3271 327 3340 solum
348 3273 390 3340 ab
410 3272 690 3354 Atheniensibus,
713 3271 883 3338 Thebanis
907 3292 943 3340 et
962 3272 1148 3340 Corinthiis
1171 3271 1267 3340 nulla

217 3378 348 3472 accepit
369 3375 524 3456 subsidia,
547 3399 663 3442 verum
685 3378 786 3442 etiam
813 3403 832 3442 a
847 3378 1038 3461 Thebanis,
1067 3399 1173 3469 quum
1193 3376 1269 3443 Au-

217 3479 287 3560 lide
310 3499 402 3546 sacra
424 3498 543 3572 ageret,
567 3477 731 3545 violenter
753 3478 913 3573 depulsus
936 3500 993 3548 est.
1039 3483 1178 3548 Pausan.
1202 3481 1265 3562 ΙΙΙ,

216 3607 248 3675 9.
293 3583 381 3650 Plus
399 3578 529 3678 'Agesih
553 3606 582 3649 o.
604 3583 636 3648 6.
683 3583 796 3666 Quum
818 3587 921 3679 igitm·
942 3584 1054 3678 paullo
1068 3575 1154 3677 xpost
1175 3588 1266 3675 Age-

215 3689 316 3754 silaus
350 3688 501 3754 vietricia
530 3710 622 3752 arma
642 3711 707 3778 per
727 3688 843 3756 Asiam
865 3691 961 3758 latius
984 3691 1019 3756 in
1047 3688 1119 3756 dies
1148 3690 1263 3772 ferret,

101 3841 106 3852 „
213 3811 248 3860 et
269 3794 445 3860 Persarum
475 3792 635 3858 exercitus
659 3793 808 3884 'graviter
834 3811 1019 3882 premeret,
1051 3792 1261 3862 Tithraustes

212 3895 274 3964 illa
296 3896 486 3964 animorum
507 3895 758 3965 exacerbatione
780 3896 900 3963 ductus
924 3895 1150 3988 Timocratem
1171 3899 1263 3964 Rbo-

195 3998 309 4066 ¹dium
330 4021 549 4090 magnacum
576 4001 704 4093 argenti
731 4025 860 4068 summa
891 4003 927 4066 in
951 4000 1129 4070 Graeciam
1155 4005 1260 4085 misit,

212 4106 271 4197 qui
296 4099 552 4186 Thebanorum,
576 4103 835 4174 Corinthiorum
863 4107 1133 4198 Argivorumque
1161 4109 1260 4200 prin-
