2706 4782
310 490 404 574 Quae
427 510 530 580 quum
554 489 601 554 ita
622 479 700 566 siut,
723 510 830 578 quum
853 485 1051 578 praesertim
1069 485 1273 582 interpretes

222 597 335 662 minus
363 593 573 685 respexerint
600 589 644 659 ad
672 588 905 658 illustrandam
927 607 1118 684 temporum
1139 615 1274 662 rerum-

223 724 289 792 que
319 715 485 790 gestarum
519 687 702 778 rationem,
737 695 862 789 quibus
893 713 1010 780 tamen,
1036 695 1198 764 orationis
1227 693 1272 762 de

223 827 346 871 corona
374 801 619 868 universa-lere
649 802 840 868 continetur
862 800 1010 881 materia,
1037 799 1114 866 satis
1138 802 1273 892 exposi-

224 926 296 975 tum
322 906 438 972 biset
466 903 639 971 defensum
666 927 737 971 esse
768 927 886 970 censeo
916 901 1089 996 singulare
1117 921 1273 972 nostrum

225 1004 480 1080 commentarios
510 1011 548 1075 in
580 1010 804 1101 gravissimam
832 1006 925 1074 illam
953 1005 1139 1076 orationem
1165 1007 1274 1077 histo-

223 1118 311 1183 ricos
340 1133 373 1182 et
402 1114 657 1206 chronologicos
687 1110 922 1181 conscribendi
953 1111 1143 1180 consilium.
1195 1113 1272 1198 Quo

225 1221 357 1313 assequi
394 1217 431 1284 id
471 1216 722 1300 contendimus,
770 1235 808 1286 ut
848 1239 935 1309 quae
971 1241 1010 1284 ea
1045 1218 1085 1284 iu
1119 1218 1274 1286 oratione

223 1325 309 1392 sacta
337 1321 527 1390 reserantur
557 1346 616 1388 seu
644 1321 854 1402 afferantur,
870 1321 938 1386 sive
967 1321 1009 1388 ab
1035 1337 1167 1390 oratore
1196 1323 1271 1414 ipso

225 1445 493 1508 commemorata,
516 1451 575 1494 seu
599 1423 642 1493 ad
663 1427 801 1520 publica
823 1443 1042 1493 monumenta
1056 1427 1273 1517 pertinentia,

226 1552 346 1602 cuncta
368 1550 442 1601 tum
461 1530 617 1598 historiae
639 1530 713 1598 face
735 1530 989 1611 collustrentur,
1012 1547 1085 1596 tum
1106 1553 1166 1598 suo
1189 1555 1277 1625 quo-

208 1662 294 1732 ‚que
316 1656 466 1731 tempore
488 1651 649 1728 quantum
670 1638 776 1730 possit
797 1635 1042 1702 accuratissime
1070 1635 1272 1704 constituan-

225 1759 290 1824 tur,
314 1740 558 1836 discrepantiae
581 1740 797 1835 dissipentur,
819 1736 902 1806 nodi
923 1737 1163 1832 chronologici,
1184 1759 1270 1831 quo-

224 1870 301 1913 rum
332 1847 397 1913 hac
424 1847 460 1912 in
492 1846 644 1913 oratione
671 1842 765 1910 sedes
794 1861 843 1909 est
871 1844 1073 1936 praecipua,
1101 1845 1274 1914 solvantur

227 1967 285 2016 aut
307 1950 535 2041 explicentur,
556 1948 707 2014 obscuris
729 1948 788 2013 lux
811 1947 937 2029 affluat,
966 1948 1114 2018 confusis
1141 1968 1175 2018 et
1194 1973 1280 2043 per-.

226 2053 366 2120 turbatis
389 2051 525 2119 accedat
546 2048 629 2120 ordo
653 2067 686 2118 et
706 2052 937 2142 perspicuitas.
975 2144 977 2148 .

314 2261 468 2345 Quorum
502 2261 654 2329 omnium
681 2257 784 2327 multa
818 2261 887 2326 iam
914 2259 1053 2354 quidem
1083 2261 1156 2330 aliis
1188 2261 1275 2332 locis

225 2381 350 2433 tentata
370 2382 643 2460 perscrutataque
664 2381 743 2431 sunt
773 2364 814 2430 ab
838 2364 910 2431 aliis
933 2367 1011 2434 viris
1034 2364 1157 2449 doctis,
1188 2393 1277 2461 quo-

223 2495 301 2539 rum
323 2474 521 2566 praecipuos
542 2473 719 2539 nominare
737 2468 851 2536 ¹adhuc
874 2487 1009 2553 teneor,
1031 2495 1076 2536 ne
1099 2471 1274 2541 occultatis
1351 2463 1352 2466 ¹

226 2573 369 2642 aliorum
390 2579 518 2642 meritis
539 2579 650 2666 prima
680 2576 812 2666 operosi
841 2573 963 2640 laboris
992 2578 1142 2667 praemia
1170 2601 1274 2670 eppe-

225 2695 296 2744 tere
317 2677 443 2744 videar.
490 2677 590 2759 Quod
618 2676 661 2741 ad
693 2699 746 2744 res
774 2679 891 2744 attinet
912 2677 1063 2774 Philippi
1090 2697 1197 2748 aetate
1216 2706 1272 2773 ge-

225 2797 308 2861 stas,
331 2777 424 2847 dolui
453 2779 736 2848 Lucchesiuianos
758 2785 1014 2850 commentarios
1047 2786 1084 2852 in
1107 2786 1275 2854 orationes

226 2883 269 2950 de
291 2882 468 2977 republica
501 2883 545 2950 ad
565 2907 682 2950 manus
704 2907 759 2950 me
780 2909 850 2953 non
872 2885 1049 2970 habuisse,
1077 2911 1185 2982 quum
1212 2890 1277 2958 diu

124 2986 128 2998 ’
226 2990 392 3081 quaesitos
404 2989 447 3056 ob
462 2987 629 3056 raritatem
641 2987 721 3054 libri
734 2992 907 3082 acquirere
918 3015 987 3057 nou
1001 2995 1180 3086 potuerim.
1205 2995 1277 3080 Qui

224 3109 335 3159 tamen
350 3114 389 3160 eo
413 3115 489 3160 usus
511 3112 570 3176 est,
595 3094 746 3176 lacobsii,
769 3094 1007 3188 elegantissimi
1024 3099 1099 3179 viri,
1122 3100 1275 3191 copiosas

225 3195 457 3292 adnotationes
486 3197 529 3266 ad
551 3221 617 3266 orr.
641 3195 684 3265 de
704 3223 776 3292 rep.
799 3189 907 3292 patrio
941 3224 1097 3270 sermone
1125 3203 1272 3270 redditas

225 3299 372 3368 multum
393 3303 479 3370 mihi
500 3301 638 3394 singulis
671 3305 710 3370 in
732 3301 981 3372 difficultatibus
1008 3303 1107 3373 lucis
1122 3307 1272 3375 attulisse

224 3403 371 3472 libenter
392 3423 553 3500 gratoque
568 3403 570 3408 ’
584 3408 697 3474 animo
725 3407 896 3500 profiteor.
947 3406 1021 3476 Sed
1048 3411 1085 3477 in
1112 3411 1164 3478 his
1187 3433 1275 3505 quo-

227 3535 294 3605 que
316 3511 536 3579 remanebant
556 3511 679 3592 multa,
701 3535 793 3604 quae
807 3536 908 3588 novas
930 3537 1025 3581 eruas
1046 3535 1274 3607 reposcerent.

225 3613 265 3680 lu
282 3607 533 3704 chronologicas
548 3613 755 3683 difficultates
768 3633 801 3685 et
811 3606 1050 3711 discrepantias
1065 3644 1152 3687 unus
1166 3623 1278 3688 inter-

222 3737 358 3810 pretum
371 3719 535 3812 Taylorus
559 3743 682 3813 operae
700 3714 912 3815 aliquantum
932 3711 1111 3816 impendit
1145 3727 1277 3796 Maiori

225 3846 304 3888 cura
327 3842 360 3891 et
381 3822 554 3918 diligentia
577 3825 796 3918 chronologos
818 3828 857 3894 in
879 3827 942 3895 hac
964 3851 1066 3896 arena
1086 3830 1174 3897 vires
1196 3854 1278 3898 suas

225 3929 410 3994 exercuisse
438 3952 501 4021 per
533 3953 567 3996 se
596 3948 857 3998 consentaneum
886 3947 944 3998 est.
1004 3939 1155 4018 Quorum
1188 3959 1280 4027 prae

225 4031 344 4098 ceteris
367 4030 519 4116 Corsini,
543 4036 603 4128 qui
624 4034 806 4126 Taylorum
827 4055 1068 4127 praecesserat,
1088 4041 1278 4133 praecipua
