2750 4772
536 281 724 388 mas

884 352 894 386 i

77 446 175 528 Quas
201 449 371 538 pecunias,
389 451 493 541 quum
524 447 709 527 liberaliter
739 453 790 518 rei
818 447 975 544 publicae
996 449 1133 546 largitus
1180 515 1182 519 .

76 569 187 631 esset,
227 551 428 644 Ctesiphon,
457 556 641 623 amicorum
664 553 819 647 quidam,
842 577 920 622 cum
949 552 993 620 ad
1020 581 1133 624 remu-

75 653 390 731 nerandam-hanc
421 659 655 726 Demosthenis
689 683 766 750 erga
795 661 961 726 civitatem
993 662 1133 728 munifi·

77 754 245 836 centiam,
268 775 341 828 tum
362 763 502 834 maxime
521 760 680 852 ‚reliquae
710 763 779 828 eius
807 763 936 827 virtutis
963 766 1067 852 gratia
1098 781 1131 844 et

75 858 341 954 benevolentiae
364 889 466 956 quam
489 890 565 958 erga
589 865 870 933 Graecos‘omnes
894 865 1129 934 etAthenicn-

76 968 172 1032 sium
195 965 362 1058 populum
390 993 521 1058 semper
549 969 735 1049 habuisset,
759 987 792 1036 et
818 969 945 1059 agendo
969 969 1129 1039 dicendo·

21 1137 23 1140 ,
76 1095 147 1161 que
171 1073 404 1162 praestitisset,
427 1073 632 1166 rogationem
651 1067 745 1154 tulit,
767 1089 805 1139 ut
827 1073 1045 1139 Demostheni
1068 1077 1126 1142 aua

75 1199 136 1240 rea
170 1175 354 1242 donaretur
377 1200 514 1266 corona,
547 1179 685 1269 eiusque
712 1175 916 1268 praedicatio
946 1178 1125 1270 Dionysio-

75 1303 158 1344 rum
181 1275 386 1344 solemnibus
408 1281 452 1358 in,
467 1277 593 1354 theatro
617 1281 722 1360 fieret,
746 1290 975 1372 qnnm‘n'ovae
994 1282 1124 1364 iahulae
1188 1319 1190 1322 ·

76 1379 275 1448 ederentur.
322 1383 506 1451 Decretum
529 1408 566 1450 ea
589 1382 631 1449 de
657 1407 694 1448 re
719 1383 1061 1476 conscrivptum„licet
1083 1411 1124 1470 er
1152 1376 1155 1386 Κ

68 1495 179 1580 ¹parte
210 1485 402 1554 mutilatum
425 1499 458 1554 et
485 1513 521 1554 ex
545 1487 717 1566 Aeschinis
746 1489 954 1555 accusatione
976 1487 1032 1576 (de
1054 1513 1122 1557 cor.

74 1615 111 1682 p.
147 1588 231 1678 243)
271 1591 507 1681 integrandum
537 1597 580 1681 (vt
603 1615 663 1658 nos
686 1592 723 1657 in
744 1590 916 1684 Epilogo),
940 1592 1063 1682 legitur
1083 1594 1121 1668 in

76 1718 125 1762 or.
150 1693 194 1760 de
219 1717 287 1760 cor.
310 1720 345 1785 p.
369 1695 442 1764 266.
561 1689 563 1694 ’
836 1769 839 1776 ,
1005 1771 1008 1776 Δ
1142 1712 1145 1717 ’

130 1835 132 1838 -
164 1796 453 1880 Hoc'de'cretum,
484 1799 577 1891 quod
597 1815 674 1892 post
694 1797 861 1891 proelium
885 1797 1120 1869 Chaeronense
1202 1875 1204 1878 ,

73 1901 182 1970 latum
207 1926 278 1968 esse
301 1903 534 1970 Demosthenis
557 1904 666 1999 verba,
689 1926 790 1994 supra
810 1899 915 1982 allata,
939 1901 1119 1998 clarissime

73 2005 215 2090 docent,
239 2007 446 2099 Cetesiph‘on
466 2008 576 2100 quarti
597 2007 719 2074 mensis
742 2008 981 2098 Pyanepsionis
1006 2008 1119 2074 XXII,

74 2113 206 2178 senatui
239 2101 376 2193 obtulit,
409 2129 464 2194 ut,
498 2111 591 2202 quod
618 2111 708 2202 leges
737 2110 911 2191 iubebant,
941 2128 1134 2203 postquam,
1162 2128 1166 2146 ¹

73 2213 300 2302 προβούλευμα
335 2215 457 2282 factum
494 2233 594 2296 esset,
637 2214 680 2282 ad
713 2212 877 2308 populum
913 2212 1118 2304 deferretur·²

75 2343 143 2408 quo
161 2337 274 2386 tamen
297 2343 384 2386 anno
408 2319 575 2401 obtulerit,
601 2343 641 2384 ex
656 2320 728 2412 ipso
752 2317 884 2384 decreto
908 2343 977 2385 non
999 2317 1116 2410 liquet,

75 2423 205 2515 qnippe
230 2423 320 2514 quod
343 2424 535 2504 archontem
567 2421 731 2514 praeferat
753 2419 951 2512 Euthyclem
972 2417 1116 2514 pseude-

21 2589 23 2596 ,
72 2549 276 2618 ponymum.
338 2526 407 2592 Sed
441 2525 611 2594 decretum
650 2550 668 2590 a
702 2543 817 2592 senatu
853 2526 1117 2617 comprohatum,
1207 2531 1209 2538 “

75 2627 230 2722 adeoque
259 2635 294 2696 in
323 2649 451 2698 senatus
482 2629 626 2698 consulti
658 2629 798 2698 formam
824 2629 1004 2710 redactum,
1029 2655 1114 2722 quo-

74 2736 187 2799 minus
219 2731 364 2826 populus
398 2737 567 2814 scisceret,
608 2733 789 2808 Aeschines
824 2732 1015 2826 impedivit,
1049 2727 1125 2822 VI,
1218 2801 1220 2806 ,
1326 2807 1331 2818 ,

75 2836 349 2930 Elaphebolionis
372 2837 443 2918 die,
478 2827 538 2930 ipui
565 2837 656 2904 idem
679 2855 793 2904 sextus
816 2854 960 2902 estante
982 2838 1114 2928 Diony-

75 2943 203 3008 siorum
241 2941 418 3022 solemnia,
452 2943 561 3013 delata
595 2940 637 3008 ad
667 2939 858 3006 archontem
892 2941 1111 3020 accusatione,

76 3066 149 3134 qua·
165 3043 499 3135 legumviolatarum
531 3044 782 3136 Ctesiphontem
810 3043 975 3108 accusavit
1004 3042 1121 3138 trihus.

73 3148 129 3214 his
154 3150 351 3240 praesertim
382 3147 423 3213 de
454 3150 574 3214 causis:
604 3145 695 3239 quod
718 3146 979 3228 Demosthenem
1014 3169 1109 3240 epro-

74 3251 224 3318 nandum
256 3254 486 3344 proposuerit,
513 3243 667 3318 nondum
700 3250 741 3316 ab
771 3273 809 3316 eo
831 3247 1111 3332 relatisadminiu

75 3369 256 3426 stratorum
288 3380 466 3424 munerum
495 3353 697 3440 rationibus,
723 3371 758 3421 et
785 3349 877 3446 quod
905 3353 941 3421 in
969 3352 1109 3433 theatra,

75 3597 384 3616 mna-mu-

163 3751 259 3824 ρικοῖς
281 3748 308 3804 in
332 3745 409 3810 Ctes.
433 3744 550 3805 decreto
572 3761 615 3805 er.
638 3743 754 3804 decor.
776 3765 806 3826 p.
831 3729 1107 3803 assumserim·
1153 3723 1173 3760 '⁵

162 3835 224 3912 geri
265 3831 380 3890 schedis
418 3831 572 3914 legendum
614 3831 676 3890 iure
714 3828 861 3890 contendit
901 3823 1043 3886 Scitnescr.
1073 3827 1106 3906 in
1213 3828 1215 3832 ’

164 3920 317 3998 Apparatu
339 3917 376 3976 ad
398 3917 416 3978 l.
440 3941 464 3978 c.
491 3911 631 3998 Θεωρικά
654 3917 728 3975 enim
746 3917 769 3974 si
783 3914 956 3994 singularum
980 3911 1118 3968 tribuum

162 4007 267 4062 aeraria
295 3999 472 4084 significaret,
495 4004 603 4062 dictum
624 3997 803 4082 exspectares
829 4005 897 4068 τοῖς
914 3997 1024 4059 πασῶν
1044 3997 1117 4056 τῶνἶ
1209 4065 1210 4068 ¹
1239 3993 1242 3998 ’

153 4106 196 4176 φ,
218 4091 389 4186 θεωρικρῖζ,
413 4084 530 4158 nonin
551 4111 583 4150 rt.
606 4107 634 4150 τ.
657 4107 691 4170 φ.
725 4151 735 4186 ,Χ

736 4187 805 4256 17*

864 4144 992 4193 '‘¹'i
1023 4135 1120 4192 Ὶ..,-ἓ
