2750 4772
718 307 949 412 ,ια-η.

273 485 309 547 in
334 477 603 572 Peloponnesum
632 439 769 555 obierit,
802 493 920 543 noram
944 475 1040 542 istam
1063 473 1242 544 Euboicam
1263 474 1306 542 le-

272 586 440 676 gationem
462 604 675 679 proposuisse
685 579 798 646 refert
843 580 889 645 At
901 577 1091 646 Aeschines
1113 579 1212 646 simul
1234 603 1306 646 cum

272 685 552 779 Peloponnesiaca
581 683 641 750 illa
679 681 845 777 legatione
872 681 1134 753 Demosthenem
1165 685 1305 750 Acarna-

271 817 351 858 nam
374 791 474 857 etiam
496 789 617 856 obiisse
639 787 756 870 dicit,
766 813 852 881 quae
873 810 944 854 non
966 803 1305 856 commemoraturos

271 895 421 989 Philipp.
447 894 504 960 [ΙΙ.
529 891 552 958 l.
578 917 618 973 α,
641 917 845 984 quamquam
867 893 904 957 in
920 913 959 959 eo
975 893 1227 958 commemorari
1241 915 1305 958 non

272 1019 341 1067 tam
363 1015 509 1090 poterat,
541 1022 643 1090 quam
672 995 824 1087 debebat.
877 997 1034 1063 Attamen
1056 995 1197 1088 Olymp.
1222 995 1304 1075 ClX,

273 1129 293 1170 α
317 1128 394 1170 cum
415 1099 695 1193 Peloponnesiaea
723 1099 890 1190 legatione
918 1099 1132 1168 coniunctam
1163 1123 1230 1166 esse
1250 1124 1306 1190 po-

272 1211 373 1275 tuisse
411 1208 525 1274 etiam
550 1206 761 1273 Acarnanam
769 1199 790 1284 ,’
820 1204 957 1272 omnino
996 1203 1102 1295 possit
1123 1203 1305 1296 ,probabile

176 1338 178 1342 ·
271 1311 380 1380 reddi.
422 1309 557 1402 Olymp.
582 1308 679 1390 CIX,
713 1332 734 1374 a
766 1307 945 1400 Philippus
976 1308 1013 1374 in
1044 1305 1304 1398 Peloponnesum

143 1415 147 1424 ’
184 1455 209 1480 ,κ
271 1415 405 1509 ingredi
427 1413 639 1494 moliebatur,
684 1413 897 1506 Megarisque
920 1411 1183 1504 OlympafllX,
1217 1411 1304 1478 rde-

271 1519 387 1615 pulsus
415 1519 631 1586 Ambraciam
660 1535 703 1584 et
724 1516 915 1584 Leucadem
943 1517 986 1583 ad
1013 1509 1241 1609 exsequenda,
1270 1531 1302 1582 ut

270 1622 419 1710 videtur,
451 1625 513 1691 ista
538 1623 753 1716 potissimum
792 1621 931 1692 'consilia
961 1645 1020 1690 sua
1054 1622 1091 1688 in
1120 1637 1302 1714 potestatem

271 1755 366 1797 snam
389 1727 546 1822 'redigere
579 1727 746 1821 cupiebat
803 1729 844 1792 ln
872 1724 933 1794 illo
961 1749 1076 1792 rernm
1103 1742 1189 1794 statu
1207 1724 1303 1792 Athe-

270 1836 404 1902 nienses
438 1833 639 1925 legationem
668 1832 706 1896 in
735 1829 1006 1921 Peloponnesum
1034 1831 1201 1900 miserunt
1230 1849 1303 1906 eam,

239 1941 242 1944 ’
271 1939 315 2006 de
346 1965 413 2031 qua
443 1938 571 2028 egimus
597 1934 673 2002 loco
705 1935 857 2028 proxime
881 1933 1108 2026 praecedenti.
1163 1935 1305 2024 Eamque

271 2044 356 2111 obiit
383 2040 634 2108 Demosthenes.
689 2037 786 2104 Idem
819 2037 937 2106 eodem
970 2040 1137 2107 nimirum
1165 2057 1305 2130 tempore

270 2146 487 2232 Ambraciam
510 2167 646 2236 quoque
667 2142 795 2236 legatus
817 2144 924 2224 venit,
958 2143 1018 2210 ubi
1044 2143 1198 2237 Philippi
1224 2139 1304 2229 lega-

203 2337 204 2340 *
270 2265 321 2318 t'os
349 2271 522 2343 superasse
552 2273 587 2314 se
617 2246 802 2346 gloriatur
807 2243 850 2312 de
880 2269 948 2314 cor.
978 2271 1014 2339 p
1042 2249 1118 2316 308.
1166 2244 1279 2330 Quid
1271 2267 1303 2308 m

268 2356 331 2422 ista
352 2377 467 2420 rerum
490 2353 681 2421 conditione
709 2335 919 2426 verisimilius
950 2367 1016 2432 est,
1050 2375 1161 2444 quam
1174 2354 1303 2418 instante

269 2477 340 2528 tum
363 2457 544 2579 Philippi
534 2483 571 2524 tn
593 2458 808 2525 Ambraciam
830 2474 862 2524 et
884 2454 1105 2524 Leucadem
1092 2454 1304 2550 impressione

269 2566 398 2632 vicinos
428 2564 528 2629 etiam
559 2563 749 2630 Acarnanes
780 2559 824 2627 ad
854 2585 945 2628 arma
968 2561 1127 2654 excitatos
1151 2567 1190 2628 ab
1211 2558 1304 2626 Athe·

269 2668 443 2734 niensihus
465 2689 550 2744 esse,
582 2688 688 2756 quum
708 2665 905 2755 praesertim
926 2663 1043 2730 eadem
1065 2665 1304 2760 opportunitate

267 2771 490 2838 Athenienses
519 2768 741 2833 mercenarios
770 2769 808 2834 in
830 2769 1054 2836 Acarnaniam
1082 2771 1210 2838 misisse
1232 2789 1303 2836 con-

227 2909 230 2916 ,
269 2889 348 2956 stet,
379 2873 541 2939 nimirum
568 2887 605 2936 ut
633 2868 782 2964 Philippi
811 2873 955 2964 impetus
984 2875 1223 2966 a‚regiouibus
1244 2869 1303 2936 illis

237 3046 243 3056 ,
269 2977 489 3073 depellerent.
535 2974 576 3043 V.
607 2998 678 3068 cap.
707 2975 742 3042 h.
775 2999 828 3042 nr.
856 3001 929 3069 sup
973 2977 1089 3047 Potuit
1117 2979 1218 3070 igitur
1242 2975 1302 3041 De·

267 3083 456 3161 mosthenes
480 3078 616 3174 Olymp.
642 3080 740 3160 CIX,
775 3104 895 3148 acum
919 3079 1202 3175 Peloponnesiaca
1223 3080 1303 3169 lega-

268 3190 359 3256 tione
381 3185 507 3256 simul
500 3188 600 3254 etiam
628 3187 843 3254 Acarnanam
871 3185 982 3271 obire3
1014 3185 1104 3253 unde
1135 3180 1302 3281 probabile

114 3373 119 3390 ἱ
191 3311 193 3314 ·
265 3288 639 3383 ru1·suslieret‚qnod
671 3314 773 3383 supra
800 3290 897 3358 nobis
924 3277 1123 3359 videbamur
1146 3291 1302 3359 coniicere

265 3419 378 3493 posse.
410 3410 458 3464 or.
480 3393 570 3462 Phil.
600 3393 666 3474 111,
695 3419 730 3486 p
759 3395 876 3483 129in
898 3396 1021 3462 verbis:
1054 3396 1119 3462 οὐδ’
1148 3425 1181 3463 αι
1171 3393 1303 3476 επέρασι

265 3507 426 3590 πρεσβεῖαι
455 3499 489 3566 αἱ
519 3500 588 3586 περὶ
624 3496 683 3582 τὴν
711 3497 995 3585 Πελοπόννησαν’
983 3510 1092 3574 exstrue
1113 3503 1166 3566 καὶ
1188 3522 1301 3579 soso·

267 3609 414 3694 yopius,
438 3603 478 3680 ἃς
494 3601 557 3688 lysi
578 3639 623 3655 -
643 3602 695 3668 καὶ
721 3602 751 3668 oi
770 3602 859 3670 ἄλλοι
882 3605 1027 3692 πρέσβεις
1047 3604 1302 3691 περιήλθομεν

265 3713 316 3780 καὶ
338 3709 575 3794 {noricorum
597 3730 661 3798 pro
672 3709 865 3794 κατηγορίαι,
889 3705 982 3800 quod
996 3731 1040 3773 ne
1056 3707 1222 3800 quadrare
1233 3701 1301 3794 qul·

265 3811 345 3879 dam
355 3812 486 3879 videtur
508 3808 550 3876 ad
569 3812 788 3897 περιήλθομεν,
811 3809 992 3904 legendum
1008 3811 1215 3900 Ἀκαρνανίαν
1229 3826 1299 3880 esses

265 3915 304 3988 id
326 3914 420 4009 quod
443 3938 481 3981 eo
505 3916 605 3981 etiam
633 3911 841 4006 probabilius
869 3913 976 3982 videri
1003 3933 1135 4008 posset,
1149 3912 1240 4007 quod
1259 3907 1301 3974 le·

205 4105 208 4112 ¹
266 4021 452 4114 gationibus
475 4017 544 4084 illis
566 4019 774 4110 prohibitum
797 4041 866 4084 esse
889 4018 1087 4112 Philippum
1108 4015 1301 4097 Demosthe·

243 4149 327 4202 ⁸nes
358 4124 461 4205 dicit,
492 4126 672 4214 quominus
703 4126 739 4190 in
763 4122 1030 4215 Peloponnesum
1061 4122 1248 4203 invaderet,
1274 4129 1302 4181 et
