2648 4776
50 431 99 516 {tuo
115 467 179 512 enm
197 445 354 542 Philippo
384 448 579 544 conspirare
601 471 638 520 ex
671 448 806 519 decreto
836 449 897 520 illc
929 451 1044 522 Philo·

51 552 114 620 ¹tutis
131 572 277 642 cognosse
310 577 345 620 se
372 554 583 647 opinabatur.
591 549 624 644 ¹⁶)
674 553 793 623 Pactus
821 555 925 648 igitur
954 557 1044 624 Phe·

54 653 119 722 ltecus
136 669 207 720 cum
219 653 377 752 Philippo
400 673 450 726 est
472 681 511 724 ea
532 656 737 740 conditione,
761 674 799 726 ut
820 657 941 726 tradita
961 661 1043 729 Phi-

55 759 109 850 lppo
122 757 257 826 Phocide
272 762 339 827 suis
363 784 440 828 cum
452 759 617 830 militibus
632 763 764 856 impuni
778 762 842 828 sibi
856 763 948 832 abire
961 761 1042 832 lice-

60 881 89 930 nt
100 861 185 928 Diod.
198 859 232 930 S.
246 863 340 946 XVI,
362 869 412 954 59.
447 865 567 952 Aesch
580 864 604 933 l.
619 890 647 934 c.
661 864 741 952 let.
775 863 952 960 Philippus
962 893 1040 938 vero

65 965 183 1059 pePylas
205 968 364 1036 continuo
386 967 570 1038 Phocidem
597 971 765 1062 ingressus
793 991 923 1038 summe
955 970 1042 1040 cele-

59 1071 107 1136 αα
124 1070 244 1140 cunctis
266 1069 407 1138 urbibus
427 1079 525 1165 pacto
548 1097 607 1140 seu
626 1076 797 1168 §potitus
818 1091 875 1142 est.
918 1075 1039 1144 Aescb.

57 1175 148 1241 ioCtes.
168 1200 201 1268 p.
222 1175 276 1246 65.
320 1175 423 1244 Diod.
446 1176 482 1246 S.
505 1175 528 1244 l.
552 1201 581 1247 c.
627 1178 725 1246 Dem.
748 1178 772 1244 l.
799 1203 828 1244 o.
849 1205 883 1272 p.
907 1181 1040 1272 379·**)

56 1275 215 1346 Athenienses
250 1280 438 1348 concorde
468 1300 565 1374 pacto
588 1280 745 1350 Phalaeci
776 1284 903 1376 istaque
924 1307 1040 1354 rerum

57 1385 213 1451 onomioue
235 1381 393 1452 certiores
415 1385 494 1455 lacti
525 1411 543 1452 a
566 1384 714 1479 Dercylo
744 1385 891 1479 quodam
919 1386 1038 1482 legato,

56 1489 186 1578 oporam
209 1511 287 1556 cum
309 1487 384 1556 aliis
414 1491 459 1558 ad
479 1490 678 1584 Philippum
699 1490 815 1572 misso,
845 1515 952 1586 quum
980 1491 1040 1560 de-

58 1663 306 1686 ——m

80 1781 295 1868 chuostheues
316 1814 375 1852 uon
397 1755 615 1852 Phalaecuni
635 1791 802 1852 necessitate
833 1791 964 1852 eductum
985 1790 1039 1856 sed

98 1873 245 1938 Phocenses
264 1877 414 1962 :deceptos
443 1879 592 1940 Aeschinis
614 1878 843 1962 Philocratisque
865 1880 945 1940 venis
965 1901 1038 1962 pro-

97 1965 167 2024 missis
199 1959 332 2048 (aderant
360 1967 454 2042 enim,
484 1967 523 2024 eit
552 1965 776 2040 Demosthenes,
807 1987 908 2026 eorum
940 1966 1036 2049 legati,
1146 1983 1152 1996 ·

98 2071 170 2130 quum
191 2053 315 2112 reversi.
333 2075 369 2112 ex
399 2051 571 2112 Macedonia
600 2050 816 2126 Atheniensium
844 2053 930 2134 legati
958 2056 1039 2138 lege-

42 2207 43 2216 ,
100 2138 187 2198 tionem
209 2137 249 2198 ad
271 2139 414 2222 populum
435 2139 586 2215 referrent,
607 2151 640 2198 ut
662 2136 700 2197 de
723 2159 775 2218 eo,
798 2138 871 2222 quid
892 2138 948 2198 sibi
970 2161 1039 2223 spe-

42 2219 44 2308 l
98 2223 199 2286 undum
232 2241 323 2304 esset,
353 2227 490 2286 certiores
520 2225 750 2286 fierent:·Dem.
777 2249 810 2286 τι.
843 2245 983 2306 παραπρ.
1005 2247 1036 2309 p.

41 2317 43 2372 l
100 2308 158 2394 359)
188 2327 217 2373 et
254 2311 292 2372 ad
322 2311 526 2394 deprimendos
555 2311 710 2372 Thebanos
742 2314 840 2372 venire
869 2313 1037 2396 Philippum

99 2413 170 2476 utos,
199 2415 306 2482 sponte
335 2421 367 2458 se
396 2419 525 2480 suosque
547 2398 685 2479 Philippo
715 2398 867 2458 tradidisse
889 2398 1038 2460 contendit

101 2481 148 2546 lc.
168 2509 199 2569 p.
223 2488 300 2565 357,
324 2487 397 2561 ³58,
421 2485 499 2546 361':
532 2483 570 2550 ad
591 2482 768 2544 conflandam
797 2485 905 2544 scilicet
934 2484 1038 2544 adven-

102 2573 155 2632 urio
176 2572 322 2634 invidiam.
366 2572 459 2632 Aliter
485 2571 561 2630 enim
590 2591 652 2631 rcm
680 2591 710 2630 se
733 2570 865 2630 habuisse
887 2585 916 2630 et
937 2570 1039 2631 Philo·
1074 2606 1075 2615 .

100 2661 163 2720 uatis
184 2658 260 2720 illud
282 2658 431 2720 decretum
453 2656 553 2736 docet,
586 2672 614 2718 et
642 2658 738 2738 ipsum
766 2659 884 2717 maxime
905 2657 1038 2717 Phalaeci

99 2761 203 2822 pactum.
251 2748 356 2828 Neque
373 2749 455 2806 etiem
472 2745 664 2804 Pltocensium
676 2745 763 2827 legati
778 2745 896 2804 Athenis
911 2743 1038 2820 aderitus,

99 2831 137 2890 ted
164 2835 272 2895 rectius
301 2834 458 2894 Aeschines
487 2833 506 2892 l.
536 2853 561 2892 c.
590 2854 622 2913 p.
652 2828 695 2900 45
722 2853 760 2890 m.
793 2828 952 2891 Φαλαίκου
980 2829 1037 2890 τοῦ

101 2915 216 2980 Φωκέων
239 2913 391 3002 τυράννου
413 2913 649 3000 δρομοκήρυκες,
673 2938 770 2999 neque
787 2918 951 2978 Phocenses
973 2937 1038 2978 cum

97 2999 217 3090 Philippo
241 3008 317 3090 pacti
338 3021 413 3084 sunt,
434 3005 488 3066 sed
507 3006 586 3066 solus
607 3005 773 3064 Phalaecus.

73 3129 96 3219 l)
111 3141 184 3204 Dein.
206 3168 240 3206 π.
264 3163 403 3223 παραπρ.
426 3166 457 3226 p.
474 3147 552 3206 360:
575 3137 730 3220 μηδεμίαν
751 3141 814 3202 τῶν
835 3135 954 3228 πόλεων
974 3139 1039 3202 τῶν

41 3221 42 3224 “
99 3223 122 3286 lv
136 3231 271 3294 Φωκεῦσι
294 3223 411 3291 diuisos
432 3226 593 3314 πολιορκίᾳ
613 3225 686 3307 μηδθ
709 3226 740 3288 ἐκ
762 3229 937 3308 προςβολῇς
957 3221 1037 3288 κατὰ

97 3312 211 3397 κράτος,
244 3313 309 3380 ἀλλ’
337 3311 374 3396 zo,
396 3319 452 3378 τοῦ
474 3314 665 3380 σπείσασθαι
695 3309 814 3386 πάντας
835 3309 935 3395 ἄρδην
956 3309 1038 3389 ἀπα·

97 3399 204 3484 λὲσθαι,
229 3421 262 3466 ut
283 3421 361 3466 tanto
374 3397 476 3464 ¹acrius
498 3403 690 3462 adversarium
716 3403 833 3462 crimine
854 3399 1038 3484 proditorum

97 3485 274 3554 Phocensium
301 3507 421 3576 premat.
474 3491 586 3549 Verum
616 3491 699 3548 etiam
730 3487 819 3548 Diod.
849 3489 868 3547 l.
897 3509 922 3548 c.
956 3477 973 3548 ὅ
1003 3482 1038 3546 δὲ

97 3574 227 3652 βασιλεὺς
248 3573 320 3640 ἄνευ
344 3573 449 3660 μάχης
470 3571 659 3646 ἀνελπίστως
679 3568 856 3646 καταλύσας
877 3565 1038 3654 τὸνὶερόν

98 3656 227 3742 πόλεμον.
272 3665 331 3728 Sed
354 3666 441 3725 luisse
463 3665 566 3738 nrbes,
596 3683 671 3745 quae
694 3683 751 3720 non
775 3653 877 3743 sponte
900 3657 1037 3744 Philippo
1107 3681 1111 3688 ’

99 3767 123 3806 se
143 3751 280 3831 dederint,
302 3753 355 3813 sed
376 3755 404 3812 vi
426 3755 558 3812 resistere
581 3764 697 3809 conatae
721 3751 785 3825 sint,
807 3748 893 3807 docet
908 3743 1038 3828 Philippi

100 3838 206 3916 epistola
228 3841 264 3900 de
287 3860 347 3901 cor.
369 3861 400 3921 p.
426 3842 488 3899 238
511 3860 571 3919 sq.,
601 3857 687 3918 quam
710 3837 801 3894 statim
823 3848 890 3915 post
912 3851 1039 3913 occupa·

100 3934 147 3982 tam
157 3925 313 3988 Phocidem
335 3928 467 4008 scriptam
490 3945 551 3984 esse
573 3923 646 3982 ialra
667 3920 933 3996 demonstrabimus,
955 3918 1038 3978 sicuti

101 4004 126 4066 ld
152 4014 255 4094 ipsum,
289 4029 357 4096 post
385 4027 500 4093 pactum
534 4010 667 4072 Phalaeci
703 4009 872 4090 Philippum
901 4007 1037 4067 contiuuo

101 4090 244 4161 Phocidem
265 4121 326 4161 esse
348 4101 516 4180 ingressum.

664 4193 713 4262 fit
