2708 4768
677 281 836 386 *Q
885 285 889 294 .

229 415 272 548 sp.
299 406 371 522 165.
415 446 462 516 As
483 444 705 517 Philochorus
727 441 846 516 eodem
867 468 969 530 suno,
991 433 1132 540 Olynip.
1153 441 1228 528 QX,
1257 469 1285 525 ι,

238 573 273 626 et
293 549 494 622 Perinthum
515 569 549 621 et
569 551 767 644 Byzantium
793 548 971 619 obsidione
993 549 1146 632 cinxisse,
1168 563 1203 616 et
1223 571 1287 642 pa·

106 677 110 698 ·
160 663 165 674 ’
237 683 312 730 cem
333 657 375 740 ab
396 654 660 725 Atheniensibus
681 653 875 725 solemniter
896 677 966 722 osse
983 650 1286 721 discimamresert.

239 759 340 850 Quod
367 758 539 828 neminem
568 759 691 828 turbet.
749 760 871 828 Pacem
899 756 1044 827 solutam
1070 754 1286 826 solummodo

238 866 303 938 hoc
325 887 414 933 anno
437 863 632 956 consignare
653 860 877 933 Philochorus
897 860 1018 944 uoluit,
1040 859 1099 929 sed
1121 883 1163 928 ex
1183 861 1287 930 solim

113 1029 117 1038 .
237 971 304 1040 sibi
325 963 544 1061 Diodoroque
565 965 807 1037 consuetudine
828 965 885 1034 hro
896 963 1032 1032 demum
1041 966 1188 1074 repetit,
1197 987 1289 1059 qnae

186 1157 187 1162 ἵ
234 1089 399 1146 exeunte
402 1093 493 1140 anno
515 1071 766 1164 ismsnperiors
750 1069 860 1139 lucta
871 1085 959 1139 sunt.
1002 1071 1117 1164 Atque
1128 1053 1288 1138 indidem

238 1175 277 1246 id
296 1177 410 1272 potins
431 1173 610 1274 probatur,
639 1173 794 1244 Perinthi
818 1174 1038 1269 Byzantiique
1060 1177 1288 1268 oppugnatio-

238 1305 320 1351 nem
341 1295 376 1350 et
395 1302 515 1374 pacem
527 1277 669 1348 Athenis
690 1277 888 1348 solemniter
898 1277 1069 1348 discissam
1079 1276 1172 1346 haud
1181 1276 1286 1372 longo

157 1445 160 1450 ,
216 1386 331 1456 'inter
351 1407 387 1454 se
409 1381 531 1452 distare
551 1380 737 1468 intervallo,
769 1400 803 1452 et
829 1407 938 1479 φιιιιιι
963 1385 1073 1477 ipsam
1094 1383 1202 1453 etiam
1218 1385 1287 1478 By·

239 1487 342 1557 zantii
363 1484 575 1557 obsidionem
597 1503 738 1558 exeunte
766 1488 834 1556 iam
864 1485 1003 1584 Olymp.
1033 1487 1166 1558 ClXa.
1187 1487 1284 1576 iin-
1323 1492 1327 1502 ’

241 1592 369 1688 cepisse
390 1583 588 1692 Philippum
610 1616 711 1687 supra
740 1607 963 1662 monstratum
983 1592 1042 1678 sit,
1075 1613 1282 1687 consequens

241 1715 318 1780 est,
315 1695 485 1770 ·'bellum
473 1711 563 1764 mter
589 1719 667 1766 eum
694 1711 729 1765 et
754 1696 1014 1766 Athenienses
1003 1714 1143 1766 ineunte
1173 1698 1287 1766 statim

242 1800 382 1896 Olymp.
406 1799 472 1868 CX
493 1824 522 1868 a.
550 1822 561 1866 1
588 1799 785 1870 solemniter
813 1801 988 1888 exarsisse3
1013 1798 1052 1871 id
1072 1797 1166 1908 quod
1188 1791 1290 1871 docet

241 1907 343 1974 etium
370 1927 457 1972 nova
488 1901 540 1972 lex
569 1905 785 1976 trierarchics
813 1903 873 1993 (de
905 1929 973 1975 cor.
995 1930 1030 2002 p
1061 1895 1155 1992 alin),
1186 1930 1290 2000 quom

174 2045 178 2055 ·
239 2031 373 2103 rogasse
400 2031 436 2075 se
458 2008 701 2078 Demosthenes
733 2006 837 2078 refert
862 2027 938 2110 post
963 2033 1019 2093 ca,
1047 2033 1133 2105 quse
1154 2007 1199 2077 de
1220 2011 1291 2103 By-

242 2113 359 2180 zantiis
380 2111 468 2180 bene
489 2115 682 2196 meruisset,
714 2114 842 2206 rogavit
869 2113 1115 2184 Boedromione
1145 2112 1288 2207 Olymp.

243 2215 319 2300 CX,
347 2240 375 2299 ι,
396 2232 436 2284 ιιι
456 2239 528 2308 cap.
550 2215 585 2282 h.
607 2239 657 2284 nr.
685 2238 723 2286 ιο
746 2234 897 2286 accurate
918 2217 1167 2286 monstrabitur.

270 2319 273 2324 ’
331 2321 448 2414 Itaque
471 2317 611 2414 Olymp.
625 2321 690 2391 CX
711 2323 891 2390 ineuntes.
908 2343 937 2404 ι,
957 2337 1135 2416 postquam
1145 2339 1286 2391 exeunte

242 2428 311 2494 iam
344 2422 483 2519 Olymp.
514 2425 595 2492 CIX
617 2450 647 2494 a.
679 2425 703 2513 ι
744 2425 921 2519 Philippus
945 2425 1146 2519 Byzantium
1167 2449 1287 2522 coepe-

94 2581 100 2596 .
242 2546 296 2598 rat
316 2526 490 2612 obsidere,
513 2551 552 2597 ea
573 2529 734 2598 accidisse
755 2528 972 2598 manifestum
1000 2531 1067 2614 est,
1091 2553 1186 2625 quae
1206 2530 1290 2600 Plu·

242 2631 377 2704 tarchus
398 2633 502 2701 refert
522 2633 711 2704 tortose.
728 2632 778 2721 ιι.
823 2633 1002 2703 Charetem
1010 2651 1126 2703 narrat
1136 2635 1291 2730 primum

241 2734 411 2830 Byzantiis
433 2733 554 2808 auxilio
575 2738 715 2806 mhsnm
735 2734 777 2806 nh
799 2737 1060 2808 Atheniensibus
1081 2761 1161 2825 esse·
1172 2763 1291 2834 quern

242 2841 287 2910 ob
309 2837 435 2908 malem
454 2841 602 2909 nominis
623 2842 747 2910 famam
767 2865 875 2937 quum
899 2865 945 2910 no
973 2844 1125 2940 excipere
1146 2843 1292 2967 quidem

241 2943 419 3014 moenibus
438 2944 593 3038 Byzantii
614 2943 809 3051 volnissent,
831 2947 1039 3017 Phocionem
1059 2972 1135 3018 mor
1155 2949 1194 3015 in
1215 2950 1291 3018 eins

241 3048 356 3136 locum
378 3072 449 3118 esse
471 3065 635 3135 creatum,
670 3041 738 3146 quo
767 3050 853 3120 duco
879 3051 1060 3146 Philippus
1092 3050 1137 3120 ad
1157 3051 1293 3122 solven-

243 3151 321 3222 dam
344 3153 484 3222 urbium
503 3151 716 3227 obsidionem
737 3153 872 3224 adactus
891 3157 938 3224 ιιι
957 3154 1108 3226 eodem
1096 3180 1165 3226 ram
1186 3181 1291 3242 suno,

243 3253 384 3352 Olymp.
407 3258 487 3342 CX,
513 3281 542 3342 1,
564 3259 751 3330 secundum
778 3243 882 3332 Diod.
903 3260 1004 3345 XVI,
1027 3283 1087 3353 77,
1108 3283 1229 3355 eoque,
1251 3278 1312 3332 ιιι.

240 3382 304 3429 nos
326 3385 399 3454 cap.
421 3360 464 3430 V
480 3365 763 3449 monstrabimus,
784 3365 855 3434 iere
875 3363 999 3434 medio
1044 3365 1162 3460 Itaque
1181 3367 1293 3434 Athe-

241 3464 413 3534 niensium
443 3465 481 3533 in
508 3467 627 3560 primis
655 3467 776 3540 auxilio
803 3486 871 3538 tota
898 3472 993 3562 regio
1019 3465 1080 3536 illc
1106 3468 1188 3537 ιιι
1176 3470 1293 3537 immi-

242 3585 347 3656 nente
367 3567 521 3663 periculo
542 3568 686 3640 liberata
707 3589 771 3657 est,
798 3571 836 3642 id
866 3571 959 3668 quod
986 3589 1100 3642 nostro
1120 3570 1195 3642 loco
1217 3574 1291 3642 De-

208 3711 212 3722 ,
242 3673 434 3744 mosthenes
456 3672 612 3744 celebrat.
657 3674 761 3746 (luins
788 3677 950 3747 beneficii
979 3669 1119 3769 gratiam
1138 3677 1289 3746 referen-

243 3793 295 3846 tes
316 3777 471 3871 Bycautii
492 3778 727 3874 Perinthiique
760 3805 816 3851 cos
838 3783 876 3850 in
896 3781 1115 3850 Athenienses
1137 3781 1288 3850 contule·

96 3887 102 3894 ’
242 3897 327 3956 runt
347 3881 503 3964 honores,
527 3907 610 3976 qnos
632 3885 764 3954 exhibet
785 3885 959 3954 decretum
981 3909 1098 3954 eorum
1112 3887 1151 3953 in
1173 3911 1225 3956 or.
1246 3884 1288 3954 de

241 4004 312 4054 cor.
334 4010 369 4077 p.
391 3988 455 4069 oss
479 4011 542 4079 sq,
565 3987 602 4053 in
624 4012 692 4080 quo
715 3987 841 4058 classis
857 4008 992 4058 centum
1012 3989 1131 4088 viginti
1152 3991 1290 4061 narium

243 4111 295 4166 ea,
311 4088 476 4162 nimirum
504 4108 572 4178 est,
602 4093 657 4164 cui
684 4093 870 4185 preelectus
906 4110 957 4166 est
983 4093 1145 4168 Phocion.
1198 4095 1289 4168 Eum
