2694 4784
369 277 755 386 ...tk-

48 453 82 517 ris
99 445 223 516 iurandi
243 448 402 544 exigendi
425 474 521 519 cause
548 450 690 544 legatos,
719 471 763 518 an
784 449 828 520 ad
855 467 974 519 eorum
1001 449 1068 520 iter

49 551 259 622 maturandum
285 555 396 647 potius
424 571 559 648 spectet
568 558 599 640 *)
643 554 719 641 Qua
748 553 792 622 de
812 577 868 637 re,
901 577 1008 648 ςοοοι
1029 580 1069 624 ea

50 682 157 726 excesu
192 674 226 727 et
253 654 450 740 diiudicare,
481 658 672 752 quaestioni
710 675 843 727 nostrae
872 656 914 726 de
941 656 1069 728 decreti

50 765 124 828 huius
145 759 337 831 conditione
356 761 503 830 multum
520 760 618 830 'lucie
634 762 767 836 affluere
789 762 938 846 videam,
961 787 1069 857 eaque
1169 796 1172 808 =

55 866 83 932 ad
95 883 217 958 tempus
233 864 360 934 decreti
383 865 652 934 constituendum
672 865 813 961 plurimi
833 869 878 935 sit
893 870 1068 950 momenti,

59 967 183 1039 disserere
219 972 289 1038 iam
323 993 416 1038 nunc
452 988 566 1063 aptum
598 971 742 1040 arbitror
771 990 806 1040 et
832 976 1068 1040 necessarium.

56 1073 140 1165 Itaque
176 1076 318 1142 reversis
357 1099 396 1142 ex
427 1075 627 1144 Macedonia
660 1076 920 1144 Atheniensium
953 1075 1070 1169 legetis

54 1202 128 1267 quum
147 1179 269 1263 simul,
299 1203 358 1246 sen
385 1180 480 1248 brevi
509 1178 737 1248 intercedente
758 1182 920 1274 temporis
950 1182 1069 1274 spatio,
1181 1267 1184 1276 Ι

53 1280 171 1374 Philippi
186 1307 324 1375 quoque
341 1281 442 1376 legati
466 1283 508 1350 ad
525 1284 769 1376 Dionysiorum
789 1283 950 1352 solemnia
962 1285 1070 1353 Athe·

52 1408 91 1450 nss
113 1385 332 1470 advenissent,
361 1387 445 1458 duae
476 1387 637 1482 deinceps
663 1386 782 1483 populi
813 1389 993 1458 conciones
1020 1389 1071 1456 sa-

54 1506 101 1555 etae
126 1509 212 1574 sunt,
243 1491 443 1585 Elaphebol.
474 1493 529 1559 die
550 1493 669 1562 XVIII
694 1512 727 1561 et
748 1493 843 1575 XIX,
866 1517 1010 1584 quarum
1031 1494 1070 1560 iu

55 1591 128 1662 altera
154 1594 196 1663 de
223 1619 309 1690 pace
332 1621 410 1666 cum
430 1595 590 1690 Philippo
624 1595 863 1679 deliberatum,
892 1599 930 1666 in
957 1616 1071 1692 poste-

33 1691 111 1764 'siori
134 1725 194 1792 pax
216 1700 320 1768 simul
342 1726 422 1770 cum
447 1699 583 1770 foedere
613 1701 809 1770 confirmata
837 1717 895 1770 est
938 1703 982 1770 V.
1015 1704 1070 1770 in*

61 1798 92 1866 h.
130 1805 319 1898 Cogitatum
349 1809 510 1876 continuo
541 1824 613 1874 tum
642 1825 691 1874 est
719 1805 760 1872 de
788 1805 1020 1875 iureiurando
1050 1832 1070 1874 a

60 1903 182 2002 Philippo
197 1909 364 2004 exigendo
387 1908 497 2004 deque
517 1908 633 2003 legatis
655 1908 826 1993 creandis,
855 1910 980 2004 quibus
1009 1933 1070 1978 ne-

59 2012 153 2096 gotium
175 2014 240 2086 hoc
265 2014 532 2084 demandaretur.
576 2013 713 2108 Eosque
741 2032 867 2082 creatm
894 2038 914 2080 a
940 2013 1070 2109 populo

58 2111 128 2182 fuisse
154 2120 219 2188 iam
249 2120 433 2188 Aeschines
461 2119 560 2202 dicit,
589 2143 697 2214 quum
718 2115 991 2214 Elaphebolionis
1013 2118 1070 2186 die

33 2279 34 2282 ,
60 2213 145 2287 xxiv
171 2226 291 2294 concio
313 2225 434 2318 populi
455 2224 654 2307 haberetur,
676 2227 820 2316 inqua,
842 2222 1070 2292 Demosthene

59 2322 182 2410 proedro,
211 2327 257 2397 de
288 2353 373 2420 pace
401 2355 421 2396 a
450 2331 551 2398 sociis
558 2381 568 2412 ,
603 2330 664 2421 qui
698 2329 768 2396 eius
793 2329 976 2420 participes
999 2351 1070 2394 esse

61 2422 160 2512 veilent,
193 2433 352 2526 Philippi
385 2431 500 2523 legatis
528 2432 673 2530 iurende
704 2449 815 2500 actum
844 2433 902 2498 sit:
936 2431 998 2518 ἤδη
1035 2432 1071 2500 di

66 2521 128 2605 istd?
145 2538 434 2626 κεχειροτονημένων
456 2540 512 2604 dori
539 2538 614 2615 τοὺς
642 2535 771 2622 ὅρκους,
801 2535 888 2602 οὔπω
911 2536 945 2601 δὲ
966 2534 1071 2623 dupp-

64 2625 132 2698 eirca
148 2639 190 2705 ini
212 2643 274 2730 τὴν
293 2640 429 2730 ὑστέρον
448 2644 626 2728 πρεσβείαν,
650 2639 794 2726 ἐκκλησία
814 2641 964 2727 γίγνεται,
994 2637 1029 2706 ἓν
1049 2629 1073 2728 ᾗ

62 2735 235 2833 Δημοσθίνρς
257 2743 277 2812 ὃ
298 2749 366 2814 νυνὶ
386 2752 568 2834 κατηγορῶν
589 2748 665 2833 ἐμοῦ
692 2741 836 2832 λαγχάνει
853 2740 1070 2833 ‘upcedpedesm

62 2834 148 2912 Aesch
166 2879 198 2918 π.
219 2875 363 2940 uapore.
389 2875 425 2944 p.
453 2853 496 2942 39
523 2852 597 2919 init.
628 2865 664 2917 et
682 2849 896 2935 Δημοσθένης
921 2847 950 2916 d'
971 2849 1005 2915 ie
1024 2853 1072 2937 τῷ

62 2940 125 3034 hipp
140 2954 309 3046 προήδρευε
329 2963 444 3024 τοῦτον
464 2959 523 3024 τοῦ
549 2953 650 3044 μηνὸς
672 2951 996 3046 [”Ελοφηβολιῶνος],
1028 2948 1073 3028 εἷς

33 3167 339 3288 ΡΜ

88 3305 107 3398 ’)
126 3319 238 3389 Praeter
259 3328 391 3410 Biegium
412 3326 450 3388 de
473 3327 584 3389 decret.
607 3327 712 3389 Athen.
733 3347 764 3410 p.
794 3323 857 3397 dds
879 3323 993 3385 Petitus
1022 3341 1072 3390 so-

120 3405 170 3488 lus,
191 3414 273 3496 quod
296 3413 434 3498 equidem
455 3415 534 3490 scio„
548 3414 612 3494 fuit,
636 3415 690 3499 qui
712 3411 860 3474 decretum
880 3413 938 3474 hoc
959 3425 1073 3472 senatus

121 3501 275 3562 consultum
290 3522 353 3562 esse
365 3503 463 3561 statuit
485 3497 571 3585 (Leg.
584 3502 645 3564 Att.
661 3501 712 3578 111,
738 3521 750 3559 s
772 3521 804 3583 p.
821 3503 883 3581 278
905 3493 998 3583 sqq),
1019 3493 1073 3557 sed

121 3587 255 3658 postridie
292 3589 331 3648 ad
363 3589 509 3672 populum
547 3587 717 3666 ferendum,
758 3585 796 3650 ad
830 3583 1075 3669 comprehendent

122 3686 218 3753 nempe
246 3699 325 3736 suem
356 3675 394 3736 de
427 3677 505 3736 stetis
535 3677 565 3741 in
594 3697 713 3759 quaque
740 3676 871 3758 prytanio
892 3672 1075 3740 comitiorum
1106 3728 1111 3742 ,

123 3750 219 3820 diebus
241 3765 424 3844 opinionem,
452 3765 481 3826 iu
511 3763 569 3822 hoc
595 3776 688 3824 tamen
717 3783 777 3848 quo
800 3782 899 3828 errore
921 3773 1022 3840 captus
1043 3779 1073 3824 v.

33 3877 34 3894 ι
123 3858 165 3918 ψ.
186 3839 353 3912 Sihdmann.
376 3850 413 3908 de
437 3851 532 3912 comit.
563 3849 583 3908 l.
606 3849 637 3925 1,
668 3871 692 3908 c.
717 3869 752 3924 2,
781 3846 887 3930 pm.
932 3843 1076 3922 Corsinus

125 3919 222 4004 (ΗΑ.
244 3937 321 3995 Diss.
344 3937 394 4012 ΙΙΙ,
421 3930 474 4018 ¹7)
497 3951 525 3994 et
547 3935 665 4016 Taylor.
688 3929 763 4016 (not.
786 3933 823 3994 ud
842 3935 927 3994 Dem.
951 3931 988 3992 de
1012 3952 1074 3996 cor.

124 4029 150 4164 ii
181 4018 255 4104 235)
283 4025 356 4082 inter
388 4023 595 4105 populiscitusn
624 4037 799 4114 senatusque
825 4019 987 4086 consutum
1016 4018 1076 4086 dus

151 4121 221 4166 uunt.
