2750 4772
686 287 843 392 ...2.⁷·.²...

243 457 394 523 lecimus.
439 455 567 524 Interea
593 477 671 549 pero
694 455 833 546 Olymp.
863 455 943 537 ΟΧ,
971 477 982 521 ι
1011 473 1151 524 exeunte
1173 474 1282 527 ortum

245 579 317 628 erat
336 556 463 626 bellum
493 559 645 626 adversus
672 559 923 652 Amphissenses
952 558 1281 652 Amphictyonicum,

245 667 339 754 cuius
362 663 484 730 ducem
511 662 774 755 Amphictyones
806 663 943 755 Olymp.
978 664 1059 743 CX,
1089 689 1108 730 a
1144 668 1282 757 Metagi-

245 771 362 836 tnione
384 767 581 860 Philippum
604 777 769 832 crearunt.¹
815 769 889 850 Quo
916 767 1001 835 facto
1025 767 1203 863 Philippus
1231 773 1284 837 in-

243 873 397 965 sequenti
426 868 690 962 Elaphebolione
723 895 786 963 per
822 871 1067 964 Thermopylas
1105 874 1282 942 Locridem

242 979 379 1057 invasit,
402 976 691 1066 Amphictyonum
714 973 846 1042 decreta
875 994 1103 1043 exsecuturum
1124 1001 1158 1042 se
1180 979 1283 1046 simu-

242 1081 324 1161 lans,
347 1104 481 1146 revera
503 1098 541 1146 ut
562 1079 780 1146 Athenienses
802 1079 838 1144 in
860 1081 1011 1172 ipsorum
1024 1098 1111 1147 terra
1131 1105 1282 1149 coercere

243 1203 364 1278 posset.
417 1185 507 1248 Tum
540 1187 719 1275 temporis,
758 1185 906 1276 ingresso
936 1185 1004 1248 iam
1038 1186 1075 1248 in
1107 1183 1283 1274 Graeciam

243 1289 416 1380 Philippo,
439 1288 658 1354 Athenienses
688 1311 724 1353 ex
746 1287 879 1354 decreto
902 1287 1138 1355 Demosthenis
1164 1291 1282 1375 τὰμὲν

243 1394 318 1481 ἔργα
339 1393 380 1460 τὰ
401 1394 469 1479 περὶ
491 1391 565 1468 τοὺς
592 1395 769 1470 νεωςοίκους
798 1395 849 1460 καὶ
872 1391 929 1478 τὴν
951 1391 1145 1478 σκευοθήκην
1167 1394 1282 1477 ἀνεβά-

171 1547 173 1550 -
243 1505 335 1564 λοντο
368 1497 632 1578 (intermiserunt
667 1496 935 1564 ordinariamet
963 1521 1035 1565 non
1065 1499 1283 1566 necessariam

241 1597 410 1668 navalium
437 1618 470 1667 et
499 1602 746 1667 armamentarii
777 1597 1039 1668 reficiendorum
1064 1606 1200 1684 euram)
1228 1603 1281 1668 διὰ
1316 1591 1319 1600 ’

241 1705 299 1771 τὸν
326 1704 463 1788 πόλεμον
487 1705 543 1770 τὸν
575 1705 655 1791 πρὸς
687 1708 852 1785 Φίλιππον,
880 1704 921 1771 τὰ
944 1706 978 1770 tt
1001 1704 1138 1791 χρήματ’
1161 1706 1281 1795 ἐψηφί-

240 1834 335 1876 σαντο
357 1808 447 1874 πάντ’
468 1807 544 1875 εἶναι
567 1807 787 1895 στρατιωτικά,
813 1827 849 1873 ut
867 1806 910 1874 ad
924 1806 1055 1874 bellum
1074 1811 1223 1890 cominus
1246 1827 1280 1876 et

238 1914 373 1978 iamiam
402 1912 586 2004 gerendum
619 1936 733 1978 omnes
759 1914 919 2003 pecuniae
950 1912 1114 1980 militibus
1148 1913 1279 1980 condu-

241 2017 355 2084 cendis
378 2015 576 2107 alendisque
597 2015 749 2106 impendi
778 2035 921 2108 possent.
974 2014 1016 2082 Id
1043 2014 1133 2108 quod
1154 2017 1281 2086 sactum

242 2139 292 2196 est
328 2139 384 2188 aut
411 2123 496 2212 ipso
525 2123 591 2186 iam
619 2145 733 2186 mense
761 2119 1027 2212 Elaphebolione
1063 2139 1120 2187 aut
1151 2111 1281 2213 aliquot

239 2226 408 2290 mensibus
430 2243 514 2316 post.
559 2227 678 2316 quue
698 2227 770 2316 ipso
793 2243 944 2317 tempore
966 2224 1058 2290 urbis
1080 2227 1181 2292 etiam
1201 2251 1278 2292 mu-

238 2328 383 2395 niendae
415 2347 447 2395 et
469 2353 639 2398 murorum
666 2328 923 2396 reficiendorum
952 2351 1081 2395 summa
1110 2354 1188 2396 saue
1217 2353 1278 2396 ne-

240 2435 371 2500 cessitas
395 2431 517 2512 aderat,
542 2459 647 2526 quum
668 2433 771 2500 hostis
788 2437 901 2524 ¹super
923 2434 1031 2524 capite
1052 2451 1162 2500 staret.
1207 2432 1278 2502 Sed

214 2536 476 2616 Athenienses,
510 2562 615 2628 quum
650 2540 797 2630 primum
826 2537 1004 2628 Philippus
1032 2539 1070 2602 iu
1098 2537 1277 2605 Graeciam

236 2645 403 2732 ingressus
432 2658 520 2721 erat,
546 2643 643 2707 initio
671 2640 709 2706 id
735 2643 875 2731 agebant
902 2643 1059 2722 maxime,
1090 2665 1167 2708 eum
1196 2659 1235 2708 ut
1256 2667 1278 2711 a

236 2765 325 2812 terra
347 2769 404 2810 sua
427 2768 528 2835 quam
549 2762 684 2838 possent
705 2743 898 2835 longissime
923 2747 1116 2813 retinerent.
1163 2747 1275 2828 Quam

173 2843 176 2852 ‘
236 2851 279 2918 ob
309 2873 381 2914 rem
410 2846 673 2939 Elaphebolione
700 2850 798 2926 XXV
837 2848 987 2916 inducias
1016 2867 1136 2941 rogant
1168 2872 1275 2942 usque

126 2996 131 3009 ι
235 2952 279 3020 ad
298 2951 566 3045 Thargelionem,
589 2975 629 3038 eq
650 2955 809 3045 temporis
827 2951 1000 3020 intervallo
1021 2954 1198 3020 Thebanos
1220 2955 1275 3020 se-

234 3083 311 3124 cum
334 3057 570 3125 conciliaturos
591 3081 626 3122 se
654 3081 723 3128 esse
750 3076 928 3148 sperantes.
973 3058 1092 3124 Factae
1114 3055 1273 3124 induciae
1299 3079 1305 3094 ·

233 3163 436 3229 renovantur
473 3161 713 3253 Munychionis
749 3159 866 3228 ultimo
906 3160 969 3226 die.
1033 3161 1082 3227 Eo
1121 3178 1272 3252 tempore

233 3265 386 3331 Thebani
407 3267 538 3332 mutatis
561 3265 709 3332 consiliis
730 3289 847 3358 pacem
869 3287 904 3332 se
923 3266 1170 3358 amicitiamque
1192 3290 1272 3332 cum

232 3369 394 3460 Philippo
416 3369 642 3436 observaturos
665 3393 733 3435 esse
756 3367 1013 3436 declaraverunt.
1059 3371 1134 3452 Qua
1153 3389 1273 3436 rerum

232 3474 447 3540 conversione
468 3473 726 3540 Atheniensibus
756 3497 904 3540 summus
932 3474 1000 3539 iam
1024 3469 1134 3541 illatus
1156 3490 1206 3540 est
1226 3473 1273 3538 ti-

231 3601 317 3658 mor,
339 3599 383 3644 ne
404 3577 602 3670 Philippus,
630 3576 786 3646 societate
808 3578 910 3644 etiam
929 3577 1166 3645 Thebanorum
1186 3598 1272 3644 eon-

231 3681 356 3762 ciliate,
399 3683 544 3749 Atticam
583 3682 672 3748 sine»
694 3681 767 3748 ullo
804 3681 1046 3775 impedimento
1085 3678 1268 3748 invaderet.

232 3786 341 3868 Quam
367 3785 411 3853 ob
437 3811 512 3852 retu
540 3803 613 3852 tum
642 3809 698 3853 eos
730 3784 772 3852 de
794 3792 875 3852 nrbe
896 3783 1153 3870 communiendo
1175 3785 1270 3876 eogi-

229 3907 313 3956 tasse
349 3891 486 3958 omnino
524 3907 573 3958 est
612 3889 812 3971 verisimile,
856 3891 969 3981 itaque
1005 3907 1268 3958 consentaneum

229 3995 346 4075 etiarn,
372 3994 633 4062 Demosthenem
656 3995 880 4086 Thargelione
907 4011 1046 4060 exeunte
1072 3992 1181 4086 legem
1209 4009 1268 4060 tu-

224 4096 301 4166 lisse
329 4096 371 4166 de
397 4099 550 4166 creandis
577 4099 620 4168 ad
649 4103 882 4194 insequentem
914 4122 1056 4178 annum,
1090 4099 1130 4166 in
1157 4119 1266 4189 quem
