2706 4782
570 323 612 392 35

511 415 669 433 m*

79 491 215 572 obicum,
237 493 297 586 qui
319 491 500 561 Charetem
522 493 676 562 adversus
698 494 921 590 Amphipolin
943 498 987 565 ab
1008 501 1112 589 Athe-

77 596 239 664 nicusibus
261 597 418 679 missum,
452 621 558 692 quum
588 597 632 665 ad
658 598 772 683 Chios,
793 599 942 670 Rhodios
964 601 1114 699 aliosque

77 703 173 771 socios
199 723 376 770 conversus
397 703 522 768 iniuria
553 726 609 770 eos
632 720 820 787 tractasset,
853 707 1009 774 excitasse
1038 711 1113 778 bel.

77 803 137 872 lum
165 803 285 873 sociale
310 804 422 873 refert.
467 805 527 874 His
560 807 664 900 igitur
677 808 813 874 cunctis
836 805 878 900 de
904 813 1009 878 causis
1033 812 1131 886 Chii.

81 933 143 976 cum
163 907 304 978 Rhodiis
338 911 572 1003 Byzantiisque
599 911 718 980 foedus
752 911 905 982 adversus
927 916 1112 986 Athenien·

79 1037 119 1080 ses
132 1016 316 1096 inierunt,
352 1003 572 1108 exortumque
604 1015 733 1083 bellum
762 1015 843 1083 inde
870 1037 920 1088 est
948 1023 1111 1092 continuo

76 1136 141 1209 post
161 1137 360 1188 transactam
386 1117 531 1186 feliciter
562 1121 604 1188 ab
634 1120 895 1188 Atheniensibus
927 1124 1110 1217 expeditio·

76 1247 143 1289 uem
164 1223 413 1305 Euboeensem,
443 1223 536 1317 quod
562 1223 660 1292 facile
688 1223 898 1293 concluditur
920 1249 961 1292 ex
982 1228 1109 1298 Demo·

76 1327 187 1396 stheuis
210 1345 293 1396 orat.
316 1331 354 1396 in
376 1329 537 1397 Aristocr.
569 1354 604 1422 p.
626 1331 707 1420 677,
735 1331 817 1420 678,
843 1329 919 1397 680.
966 1332 1108 1402 Missum
1177 1375 1181 1382 .

76 1434 154 1499 enim
180 1451 255 1500 tum
283 1450 394 1502 orator
424 1433 529 1501 refert
557 1434 734 1502 Charetem
762 1436 799 1500 in
822 1431 1027 1528 Hellesponti
1053 1462 1108 1506 re-

76 1537 185 1626 giones,
208 1555 249 1603 ut
274 1537 454 1605 Chabriam
477 1539 514 1606 in
539 1539 737 1607 Chersonesi
760 1540 904 1630 imperio
929 1542 1105 1635 exciperet,

76 1663 145 1732 quos
163 1643 275 1709 statim
289 1661 366 1734 post
382 1642 553 1710 Euboeam
566 1661 727 1735 pacatam,
744 1639 882 1734 Olymp.
899 1643 972 1725 CV,
987 1647 1019 1726 3,
1042 1647 1107 1713 im·

31 1806 33 1815 ,
76 1763 226 1832 peratores
244 1745 390 1816 delectos
413 1747 452 1813 in
468 1745 593 1813 Chium
615 1740 756 1814 insulam
782 1748 1038 1838 impressionem
1057 1749 1106 1818 fe·

82 1847 141 1916 cisse
153 1847 326 1918 Diodorus
343 1849 377 1918 S.
396 1867 508 1916 narrat
522 1847 546 1916 l.
561 1849 652 1932 XVI,
668 1873 698 1940 7.
729 1851 893 1918 Mansisse
907 1869 1017 1918 autem
1034 1852 1106 1921 bel·

77 1945 132 2020 lum
155 1953 238 2038 hoc,
274 1953 368 2048 quod
400 1952 523 2022 sociale
559 1973 715 2036 vocatur,
750 1955 813 2022 sub
843 1954 1037 2047 Agathoclis
1071 1972 1105 2024 et

77 2053 233 2149 Elpinicae
257 2060 470 2141 archontatu,
496 2057 534 2126 id
562 2076 611 2126 est
634 2058 772 2153 Olymp.
796 2059 874 2144 CV,
902 2057 981 2145 det
1013 2060 1103 2143 cvl,

80 2179 107 2240 1,
125 2163 259 2257 Dionys.
281 2163 357 2231 Hal.
380 2164 498 2232 scribit
527 2166 564 2230 in
593 2164 670 2257 Lys.
698 2189 751 2232 nr.
784 2166 834 2234 13.
882 2162 1015 2232 Bellum
1045 2163 1104 2232 ad-

75 2285 148 2333 versa
169 2269 309 2336 fortuna
330 2269 372 2337 ab
393 2269 653 2336 Atheniensibus
676 2285 806 2360 gestum
831 2284 889 2336 est.
934 2267 976 2335 V.
1000 2270 1102 2336 Iacer.

74 2364 247 2458 symmach.
285 2398 320 2466 p.
356 2376 430 2464 ²57·
463 2374 567 2466 Lang.
624 2373 726 2442 Initio
761 2374 873 2442 statim
907 2373 978 2448 eius
1013 2373 1104 2440 Cha-

75 2469 161 2557 brias,
187 2479 376 2569 imperator
407 2475 662 2557 celeberrimus,
685 2477 723 2548 iu
754 2474 981 2569 oppugnanda
1012 2476 1100 2546 Chio

79 2581 247 2662 succubuit,
277 2605 380 2673 quem
408 2597 611 2673 exceperunt
636 2579 817 2672 Iphicrates
841 2596 874 2646 et
894 2579 1100 2648 Timotheus.
1228 2573 1232 2582 ’

75 2675 249 2752 Devastatae
272 2682 396 2751 deinde
416 2701 495 2752 sunt
516 2685 726 2776 gravissimae
752 2683 1011 2750 Atheniensium
1032 2681 1100 2750 illis

73 2787 248 2877 regionibus
270 2787 410 2869 insulae,
432 2788 596 2869 Lamnus,
627 2789 773 2869 lmbrus,
801 2787 917 2854 Samus
940 2785 1099 2880 aliaeque.
1137 2851 1139 2856 .

75 2883 195 2960 Gravior
215 2916 342 2987 pugna,
366 2911 466 2986 quam
489 2891 679 2960 conflicturi
700 2908 777 2984 post
802 2893 936 2984 utrique
959 2893 996 2958 in
1018 2890 1106 2982 ΗιεΙ-Ἰ

72 2985 203 3083 lesponto
235 3013 348 3077 erant,
384 2995 626 3090 refragantibus
657 2996 825 3088 Iphicrate
852 2985 1099 3095 Timotheoque
1181 3039 1183 3044 ,

27 3157 28 3166 ,
72 3115 191 3190 propter
211 3097 508 3192 vimteritpestatis
530 3099 639 3167 subito
664 3117 805 3179 exortae,
829 3099 1015 3166 intermissa
1038 3115 1096 3164 est.

28 3219 29 3246 ³
73 3196 134 3278 Quo
154 3202 239 3272 facto
268 3206 404 3271 remotis
430 3229 492 3297 per
515 3203 665 3271 Charetis
696 3203 940 3269 accusationem
970 3201 1012 3267 ab
1033 3204 1099 3268 ir'n-

28 3767 32 3908 l

29 4051 31 4188 l

71 3305 142 3390 perii
175 3333 316 3376 munere
344 3309 525 3375 Timotheo
562 3324 595 3374 et
623 3306 806 3399 Iphicrate,
843 3305 967 3372 Chares
995 3307 1097 3372 totius

72 3403 165 3476 classis
187 3429 379 3504 praeturam
401 3410 540 3503 adeptus
563 3429 620 3478 est.
686 3412 785 3503 Isque
805 3411 912 3476 missis
928 3411 1097 3502 Byzantiis

73 3506 150 3579 Chiis
177 3533 210 3582 et
236 3515 376 3583 Rhodiis
403 3516 567 3584 Artabazo
596 3539 650 3596 se,
677 3517 738 3608 qui
766 3541 785 3581 a
814 3539 893 3606 rege
922 3515 1097 3580 Persarum

75 3609 235 3701 defecerat,
264 3620 426 3687 universis
461 3644 539 3686 eum
572 3620 677 3713 copiis
707 3620 905 3712 aggregavit.
951 3617 1022 3683 Hac
1054 3615 1097 3682 de

72 3735 153 3786 causa
195 3720 405 3820 indignatum
425 3747 540 3816 regern
551 3721 811 3805 Atheniensibus
827 3721 1002 3788 illaturum
1023 3719 1097 3786 bel-

70 3813 128 3888 lum
149 3848 237 3909 esse,
263 3850 380 3895 rumor
408 3826 544 3898 ferebat.
588 3827 664 3912 Quo
685 3826 854 3919 perterriti
874 3823 1095 3892 Athenienses

68 3919 181 3996 bellum
228 3952 305 4001 cum
351 3913 573 3998 defectoribus
622 3928 783 4008 continuo
825 3945 1094 4022 composuerunt.

70 4023 194 4127 Olymp.
219 4033 309 4117 CVI,
335 4058 362 4101 ι.
407 4034 450 4102 V.
471 4033 573 4102 Diod.
596 4031 629 4102 S.
651 4030 745 4116 XVI,
768 4055 804 4100 at
833 4048 866 4100 et
888 4056 939 4098 aa.

723 4246 770 4310 3*
