2706 4782
757 253 804 340 'aa

258 466 465 541 expugnasse
501 441 635 512 videtur
670 460 827 510 canente
865 387 1001 514 demum
1039 465 1127 514 anno
1163 445 1315 540 Olymp.

259 553 357 634 CVI,
390 548 422 637 4.
465 548 606 616 Factum
626 544 663 613 id
693 569 763 614 esee
786 565 867 641 post
889 546 1083 616 Potidaeam
1108 567 1316 641 occupatam

256 675 294 727 et
330 671 510 746 antequam
539 652 576 718 in
611 650 818 718 Thessaliam
853 650 1079 721 descendisset
1114 653 1314 749 Philippus,

258 759 501 829 Demosthenes
532 772 647 822 auctor
677 755 789 824 estin
818 776 865 824 or.
896 755 1039 850 Olynth.
1065 782 1101 850 Ρ.
1133 781 1166 826 ιι
1196 777 1238 828 et
1266 781 1313 828 ιι.

175 847 703 976 ⁸Clhcapmsqnot.

257 1074 291 1143 6
312 1098 355 1168 p
371 1070 482 1140 236st
468 1097 519 1138 ινα
538 1069 583 1157 μὴ
606 1072 698 1160 ιλεῦρα
720 1068 970 1158 ἀπαγγειλάντων
992 1071 1107 1154 αὐτῶν,
1129 1071 1180 1138 ὅτι
1200 1071 1310 1158 μέλλει

301 1179 352 1246 καὶ
380 1175 645 1268 παρασκευάζεται
676 1174 959 1262 παρεῦεσθαι,ἓξ
925 1172 1130 1265 ἓξίλθαιτε’
1112 1185 1221 1260 νμεῖς,
1261 1178 1343 1304 arip

227 1297 230 1306 “
301 1280 556 1371 περιπλεύσαντες
593 1287 683 1356 ταῖς
698 1278 854 1367 τριήρεσιν
893 1282 948 1357 εἷς
986 1279 1136 1363 Πύλας,
1180 1280 1307 1377 ὥςπερ
1342 1213 1343 1360 i

301 1385 518 1475 πρότερον
528 1384 726 1450 κλείσαιτε
757 1383 825 1449 τὸν
860 1370 1061 1478 πορθμόν.
1093 1408 1204 1487 -p.
1237 1384 1343 1471 241

231 1481 239 1502 ⁵
301 1491 392 1578 μέχρι
409 1486 531 1557 τούτου
557 1486 635 1552 Euda
625 1510 690 1563 ικας
717 1488 768 1552 καὶ
797 1489 910 1572 Σῖμος,
943 1487 975 1554 oi
1000 1491 1217 1578 Λαρισσαῒαι,
1254 1491 1308 1568 ἕως
1342 1435 1343 1542 l

303 1594 479 1700 Θετταλίαν
502 1585 563 1660 ὑπὸ
589 1586 734 1680 Φιλίππῳ
755 1593 934 1680 ε’παίηιιαν.
1001 1675 1003 1684 .
1342 1651 1343 1712 1

685 1657 746 1750 otia
747 1706 768 1750 p.
782 1694 877 1742 svnt.

347 1800 566 1871 Methone
535 1825 590 1868 vax
618 1815 804 1893 expugnata
832 1795 1048 1891 Philippus
1037 1824 1075 1867 tn
1097 1799 1308 1869 Thessaliam

258 1909 381 1977 accitus
404 1923 469 1987 est,
497 1921 536 1971 ut
562 1927 662 1996 opem
681 1901 783 1969 semet
804 1901 975 1970 Thessalis
1003 1901 1157 1972 adversus
1179 1905 1343 1974 Phera·

84 2088 87 2092 ,
256 2037 336 2083 anm
356 2029 525 2102 tyrannos.
572 2007 646 2090 Qua
668 2007 838 2082 occasione
864 2008 974 2099 prima
994 1983 1155 2114 Philippo
1179 2013 1306 2100 gravis·

128 2125 131 2131 '
258 2118 410 2206 simaque
432 2111 663 2204 opportunitas
684 2107 795 2185 oblata
816 2129 864 2178 est
885 2109 929 2177 ad
956 2135 1118 2178 summam
1147 2115 1302 2206 sequenti

259 2217 384 2286 deinde
405 2233 555 2307 tempore
576 2215 615 2281 in
638 2213 778 2281 Graecia
799 2217 1029 2284 auctoritatem
1048 2218 1300 2310 potentiamque

257 2319 513 2416 impetrandam.
537 2359 578 2372 --
601 2319 684 2402 Erat
709 2342 749 2386 ex
771 2319 1148 2415 antiquistcmporihus
1170 2321 1292 2402 Pheris,

257 2427 417 2521 opulenta
438 2423 627 2495 Thessaliae
648 2423 748 2508 tuhe,
776 2441 995 2518 tyrannorum
1016 2427 1211 2510 dominatio,
1232 2424 1290 2517 qui

256 2552 296 2601 ut
327 2549 434 2602 tutem.
457 2529 692 2600 Thessalorum
720 2547 854 2623 gentem
881 2529 947 2595 sibi
968 2530 1189 2613 subiicerent,
1216 2553 1296 2598 con·

148 2679 152 2683 -
257 2639 387 2705 tinuam
401 2659 537 2727 operam
547 2633 681 2701 dabant.
725 2633 787 2699 His
797 2635 956 2700 acerrime
967 2635 1164 2702 resistebant
1176 2634 1297 2704 Aleua-

257 2740 338 2822 dae,
367 2740 519 2806 Larissae
546 2737 797 2830 imperitantes,
829 2737 1064 2808 Thessalorum
1090 2738 1299 2806 nobilissima

256 2868 348 2936 gens.
393 2837 495 2929 Diod.
518 2840 551 2909 S.
576 2839 655 2923 XV,
678 2841 731 2908 61.
776 2840 827 2909 cf.
849 2843 983 2915 Ruhnlr.
1017 2843 1060 2912 ad
1080 2846 1212 2916 Timaei
1233 2844 1296 2912 lex.

255 2948 387 3017 Platon.
409 2970 439 3015 v.
457 2944 596 3014 Ἀλενάιλ
642 2943 727 3011 Inde
749 2949 908 3015 continua
929 2951 1111 3019 certamina
1131 2950 1169 3016 in
1191 2949 1298 3016 Thes-

121 3137 123 3142 *
255 3053 338 3123 salia
360 3067 473 3119 exorta
493 3066 581 3133 sunt,
603 3051 642 3118 in
664 3050 786 3142 quibus
811 3051 1162 3136 modquacedones,
1195 3052 1296 3122 modo

253 3154 420 3238 Thebani,
442 3167 574 3248 practer
595 3153 673 3224 alias
690 3154 850 3224 Graeciae
872 3157 1194 3226 civitatesAlenadas
1217 3159 1298 3224 sub·
1342 3165 1343 3172 ’

255 3261 349 3328 sidiis
371 3258 579 3327 adiuvabant
623 3261 800 3332 Eiusmodi
830 3262 945 3330 turbas
974 3274 1123 3357 tempore
1143 3264 1296 3356 proxime
1342 3315 1343 3322 .

145 3444 153 3462 ί
256 3362 468 3434 antecedenti
495 3381 582 3432 ortas
618 3363 746 3462 aliquot
762 3368 956 3460 ,scriptores
992 3367 1158 3448 referunt,
1194 3391 1297 3434 unam
1342 3407 1343 3412 κ

256 3468 396 3562 Olymp.
428 3467 558 3552 XCIV,
595 3490 606 3536 ι
657 3470 813 3563 Xenoph·
849 3467 954 3539 Bell.
972 3473 1023 3556 11,
1054 3474 1090 3554 3,
1128 3470 1168 3557 4,
1198 3469 1296 3540 aliam

254 3573 397 3668 Olymp.
424 3570 512 3655 Cll',
552 3572 574 3661 4
618 3573 720 3642 Diod.
751 3574 786 3642 S.
816 3575 897 3658 XV,
928 3576 981 3645 61.
1033 3576 1120 3643 Inde
1161 3575 1203 3644 ab
1232 3576 1294 3643 hoc
1342 3607 1343 3612 ¹

254 3701 343 3747 anno
378 3675 571 3748 Alexander
603 3677 721 3746 Pheris
758 3679 970 3773 tyrannidem
1006 3680 1197 3760 obtinebat,
1236 3680 1293 3773 qni

139 3830 141 3838 ι
256 3780 394 3878 Olymp.
419 3781 508 3864 CIV,
536 3807 546 3850 ι
575 3800 705 3851 coactus
735 3810 754 3851 a
780 3784 950 3852 Thebanis
979 3792 1105 3868 est‚'nt
1132 3783 1290 3851 universis

149 3923 155 3939 .
253 3887 445 3954 Thessaliae
474 3887 614 3954 tuhibus
644 3887 834 3978 libertatem
863 3889 1071 3958 concederet.
1121 3887 1224 3956 Diod.
1263 3885 1294 3954 S.

253 3990 420 4072 xv‚·eo.
465 3992 495 4058 ls
525 3990 663 4084 Olymp.
687 3990 766 4074 CV,
795 3985 1025 4087 limparinm
1046 3993 1165 4074 amisit,
1191 4016 1210 4058 a
1232 3991 1298 4084 Ly-

255 4091 427 4190 cophrona
449 4096 705 4190 Tisiphoneque
725 4101 790 4190 per
809 4093 928 4167 dolum
955 4101 1186 4192 interemptus.
1233 4095 1298 4182 Qui
