<?xml version="1.0" encoding="UTF-8"?>
<!DOCTYPE html PUBLIC "-//W3C//DTD XHTML 1.0 Transitional//EN"
    "http://www.w3.org/TR/xhtml1/DTD/xhtml1-transitional.dtd">
<html xmlns="http://www.w3.org/1999/xhtml" xml:lang="en" lang="en">
 <head>
  <title>
</title>
<meta http-equiv="Content-Type" content="text/html;charset=utf-8" />
  <meta name='ocr-system' content='tesseract 3.04.00' />
  <meta name='ocr-capabilities' content='ocr_page ocr_carea ocr_par ocr_line ocrx_word'/>
</head>
<body>
  <div class='ocr_page' id='page_1' title='image "./francisciwiniew00winigoog_0134.png"; bbox 0 0 2648 4776; ppageno 0'>
   <div class='ocr_carea' id='block_1_1' title="bbox 469 285 627 396">
    <p class='ocr_par' dir='ltr' id='par_1_1' title="bbox 469 285 627 396">
     <span class='ocr_line' id='line_1_1' title="bbox 469 285 627 396; baseline 0 -40"><span class='ocrx_word' id='word_1_1' title='bbox 469 285 627 396; x_wconf 50' lang='lat' dir='ltr'>Q</span> 
     </span>
    </p>
   </div>
   <div class='ocr_carea' id='block_1_2' title="bbox 19 455 1137 2428">
    <p class='ocr_par' dir='ltr' id='par_1_2' title="bbox 19 455 1137 2428">
     <span class='ocr_line' id='line_1_2' title="bbox 34 455 1074 554; baseline 0.005 -30"><span class='ocrx_word' id='word_1_2' title='bbox 34 460 192 526; x_wconf 89' lang='lat' dir='ltr'><strong>continuo</strong></span> <span class='ocrx_word' id='word_1_3' title='bbox 214 481 292 528; x_wconf 87' lang='lat' dir='ltr'><strong>vero</strong></span> <span class='ocrx_word' id='word_1_4' title='bbox 314 456 409 546; x_wconf 71' lang='grc' dir='ltr'>(μετὰ</span> <span class='ocrx_word' id='word_1_5' title='bbox 423 459 510 526; x_wconf 73' lang='grc' dir='ltr'><strong><em>ταῦτ’</em></strong></span> <span class='ocrx_word' id='word_1_6' title='bbox 531 455 638 544; x_wconf 71' lang='lat' dir='ltr'><strong>adduit,</strong></span> <span class='ocrx_word' id='word_1_7' title='bbox 663 457 718 528; x_wconf 77' lang='lat' dir='ltr'><strong>osis</strong></span> <span class='ocrx_word' id='word_1_8' title='bbox 739 461 783 540; x_wconf 76' lang='lat' dir='ltr'><strong>ele</strong></span> <span class='ocrx_word' id='word_1_9' title='bbox 800 459 927 550; x_wconf 74' lang='grc' dir='ltr'><strong><em>μακρόν</em></strong></span> <span class='ocrx_word' id='word_1_10' title='bbox 946 485 981 554; x_wconf 90' lang='lat' dir='ltr'><strong>p.</strong></span> <span class='ocrx_word' id='word_1_11' title='bbox 996 461 1074 551; x_wconf 76' lang='lat'><strong>²39)</strong></span> 
     </span>
     <span class='ocr_line' id='line_1_3' title="bbox 33 562 1073 655; baseline 0.006 -29"><span class='ocrx_word' id='word_1_12' title='bbox 33 563 252 630; x_wconf 88' lang='lat' dir='ltr'><strong>Phocensium</strong></span> <span class='ocrx_word' id='word_1_13' title='bbox 274 562 375 629; x_wconf 87' lang='lat' dir='ltr'><strong>nrbes</strong></span> <span class='ocrx_word' id='word_1_14' title='bbox 404 585 531 630; x_wconf 83' lang='lat' dir='ltr'><strong>eversas</strong></span> <span class='ocrx_word' id='word_1_15' title='bbox 554 579 588 630; x_wconf 91' lang='lat' dir='ltr'><strong>et</strong></span> <span class='ocrx_word' id='word_1_16' title='bbox 613 564 703 655; x_wconf 87' lang='lat' dir='ltr'><strong>ipsos</strong></span> <span class='ocrx_word' id='word_1_17' title='bbox 732 565 959 632; x_wconf 79' lang='lat' dir='ltr'><strong>Athenienses</strong></span> <span class='ocrx_word' id='word_1_18' title='bbox 980 567 1073 634; x_wconf 84' lang='lat' dir='ltr'><strong>Mae-</strong></span> 
     </span>
     <span class='ocr_line' id='line_1_4' title="bbox 33 665 1073 761; baseline 0.004 -29"><span class='ocrx_word' id='word_1_19' title='bbox 33 667 241 734; x_wconf 85' lang='lat' dir='ltr'><strong>macterionis</strong></span> <span class='ocrx_word' id='word_1_20' title='bbox 265 667 350 734; x_wconf 88' lang='lat' dir='ltr'><strong>XXI</strong></span> <span class='ocrx_word' id='word_1_21' title='bbox 370 665 449 760; x_wconf 77' lang='lat' dir='ltr'><strong>suge</strong></span> <span class='ocrx_word' id='word_1_22' title='bbox 479 689 516 734; x_wconf 80' lang='lat' dir='ltr'><strong>ex</strong></span> <span class='ocrx_word' id='word_1_23' title='bbox 546 668 631 759; x_wconf 81' lang='lat' dir='ltr'><strong>agris</strong></span> <span class='ocrx_word' id='word_1_24' title='bbox 660 685 755 761; x_wconf 78' lang='lat' dir='ltr'><strong>copta</strong></span> <span class='ocrx_word' id='word_1_25' title='bbox 787 668 946 761; x_wconf 84' lang='lat' dir='ltr'><strong>propriae</strong></span> <span class='ocrx_word' id='word_1_26' title='bbox 974 667 1073 736; x_wconf 86' lang='lat' dir='ltr'><strong>saluti</strong></span> 
     </span>
     <span class='ocr_line' id='line_1_5' title="bbox 35 769 1073 864; baseline 0.005 -28"><span class='ocrx_word' id='word_1_27' title='bbox 35 769 205 837; x_wconf 89' lang='lat' dir='ltr'><strong>consulere</strong></span> <span class='ocrx_word' id='word_1_28' title='bbox 235 787 364 838; x_wconf 85' lang='lat' dir='ltr'><strong>coactos</strong></span> <span class='ocrx_word' id='word_1_29' title='bbox 398 793 477 838; x_wconf 90' lang='lat' dir='ltr'><strong>esse.</strong></span> <span class='ocrx_word' id='word_1_30' title='bbox 506 807 551 824; x_wconf 93' lang='lat'><em>-</em></span> <span class='ocrx_word' id='word_1_31' title='bbox 579 771 717 864; x_wconf 87' lang='lat' dir='ltr'><strong>lteque,</strong></span> <span class='ocrx_word' id='word_1_32' title='bbox 746 797 852 864; x_wconf 86' lang='lat' dir='ltr'><strong>quum</strong></span> <span class='ocrx_word' id='word_1_33' title='bbox 882 770 941 838; x_wconf 83' lang='lat' dir='ltr'><strong>tali</strong></span> <span class='ocrx_word' id='word_1_34' title='bbox 970 772 1073 840; x_wconf 88' lang='lat' dir='ltr'><strong>modo</strong></span> 
     </span>
     <span class='ocr_line' id='line_1_6' title="bbox 40 874 1073 968; baseline 0.008 -30"><span class='ocrx_word' id='word_1_35' title='bbox 40 876 116 940; x_wconf 86' lang='lat' dir='ltr'><strong>inter</strong></span> <span class='ocrx_word' id='word_1_36' title='bbox 137 891 314 968; x_wconf 83' lang='lat' dir='ltr'><strong>utramque</strong></span> <span class='ocrx_word' id='word_1_37' title='bbox 337 874 471 942; x_wconf 80' lang='lat' dir='ltr'><strong>Cossini</strong></span> <span class='ocrx_word' id='word_1_38' title='bbox 494 899 532 942; x_wconf 89' lang='lat' dir='ltr'><strong>ac</strong></span> <span class='ocrx_word' id='word_1_39' title='bbox 553 874 697 944; x_wconf 84' lang='lat' dir='ltr'><strong>Weisltii</strong></span> <span class='ocrx_word' id='word_1_40' title='bbox 723 877 922 942; x_wconf 86' lang='lat' dir='ltr'><strong>sententiam</strong></span> <span class='ocrx_word' id='word_1_41' title='bbox 943 877 1073 946; x_wconf 86' lang='lat' dir='ltr'><strong>animus</strong></span> 
     </span>
     <span class='ocr_line' id='line_1_7' title="bbox 46 977 1074 1074; baseline 0.002 -30"><span class='ocrx_word' id='word_1_42' title='bbox 46 981 180 1060; x_wconf 77' lang='lat' dir='ltr'><strong>fluctuet,</strong></span> <span class='ocrx_word' id='word_1_43' title='bbox 202 1003 264 1047; x_wconf 89' lang='lat' dir='ltr'><strong>nos</strong></span> <span class='ocrx_word' id='word_1_44' title='bbox 285 977 331 1045; x_wconf 90' lang='lat' dir='ltr'><strong>ad</strong></span> <span class='ocrx_word' id='word_1_45' title='bbox 350 1002 434 1060; x_wconf 91' lang='lat' dir='ltr'><strong>rem,</strong></span> <span class='ocrx_word' id='word_1_46' title='bbox 457 977 564 1072; x_wconf 76' lang='lat' dir='ltr'><strong>qualis</strong></span> <span class='ocrx_word' id='word_1_47' title='bbox 585 979 686 1048; x_wconf 88' lang='lat' dir='ltr'><strong>fuerit</strong></span> <span class='ocrx_word' id='word_1_48' title='bbox 708 997 741 1047; x_wconf 91' lang='lat' dir='ltr'><strong>ct</strong></span> <span class='ocrx_word' id='word_1_49' title='bbox 763 1002 832 1072; x_wconf 87' lang='lat' dir='ltr'><strong>quo</strong></span> <span class='ocrx_word' id='word_1_50' title='bbox 854 997 1003 1074; x_wconf 87' lang='lat' dir='ltr'><strong>tempore</strong></span> <span class='ocrx_word' id='word_1_51' title='bbox 1023 981 1074 1048; x_wconf 80' lang='lat' dir='ltr'><strong>sa-</strong></span> 
     </span>
     <span class='ocr_line' id='line_1_8' title="bbox 43 1081 1074 1180; baseline 0.004 -32"><span class='ocrx_word' id='word_1_52' title='bbox 43 1102 87 1164; x_wconf 83' lang='lat' dir='ltr'><strong>cta,</strong></span> <span class='ocrx_word' id='word_1_53' title='bbox 112 1085 224 1150; x_wconf 86' lang='lat' dir='ltr'><strong>acrius</strong></span> <span class='ocrx_word' id='word_1_54' title='bbox 246 1081 484 1173; x_wconf 76' lang='lat' dir='ltr'><strong>inquirendam</strong></span> <span class='ocrx_word' id='word_1_55' title='bbox 506 1100 619 1152; x_wconf 88' lang='lat' dir='ltr'><strong>nostra</strong></span> <span class='ocrx_word' id='word_1_56' title='bbox 639 1084 723 1152; x_wconf 87' lang='lat' dir='ltr'><strong>ratio</strong></span> <span class='ocrx_word' id='word_1_57' title='bbox 746 1084 844 1177; x_wconf 81' lang='lat' dir='ltr'>cogit.</span> <span class='ocrx_word' id='word_1_58' title='bbox 890 1083 987 1180; x_wconf 80' lang='lat' dir='ltr'><strong>Quod</strong></span> <span class='ocrx_word' id='word_1_59' title='bbox 1002 1109 1074 1154; x_wconf 88' lang='lat' dir='ltr'><strong>ma·</strong></span> 
     </span>
     <span class='ocr_line' id='line_1_9' title="bbox 37 1187 1074 1284; baseline 0.005 -31"><span class='ocrx_word' id='word_1_60' title='bbox 37 1189 104 1254; x_wconf 78' lang='lat' dir='ltr'><strong>ioris</strong></span> <span class='ocrx_word' id='word_1_61' title='bbox 143 1188 391 1281; x_wconf 74' lang='lat' dir='ltr'><strong>perspicuitatis</strong></span> <span class='ocrx_word' id='word_1_62' title='bbox 427 1188 531 1284; x_wconf 77' lang='lat' dir='ltr'><strong>gratie</strong></span> <span class='ocrx_word' id='word_1_63' title='bbox 570 1190 617 1256; x_wconf 88' lang='lat' dir='ltr'><strong>ita</strong></span> <span class='ocrx_word' id='word_1_64' title='bbox 657 1187 882 1269; x_wconf 79' lang='lat' dir='ltr'><strong>instituemus,</strong></span> <span class='ocrx_word' id='word_1_65' title='bbox 929 1206 967 1257; x_wconf 93' lang='lat' dir='ltr'><strong>ut</strong></span> <span class='ocrx_word' id='word_1_66' title='bbox 999 1192 1074 1284; x_wconf 88' lang='lat' dir='ltr'><strong>pri-</strong></span> 
     </span>
     <span class='ocr_line' id='line_1_10' title="bbox 36 1278 1074 1384; baseline 0.005 -26"><span class='ocrx_word' id='word_1_67' title='bbox 36 1317 133 1375; x_wconf 91' lang='lat' dir='ltr'><strong>num,</strong></span> <span class='ocrx_word' id='word_1_68' title='bbox 174 1288 256 1383; x_wconf 84' lang='lat' dir='ltr'><strong>qnid</strong></span> <span class='ocrx_word' id='word_1_69' title='bbox 278 1289 520 1360; x_wconf 80' lang='lat' dir='ltr'><strong>Demosthenes</strong></span> <span class='ocrx_word' id='word_1_70' title='bbox 541 1289 679 1374; x_wconf 87' lang='lat' dir='ltr'><strong>reserat,</strong></span> <span class='ocrx_word' id='word_1_71' title='bbox 702 1286 826 1358; x_wconf 92' lang='lat' dir='ltr'><strong>deinde</strong></span> <span class='ocrx_word' id='word_1_72' title='bbox 848 1278 939 1384; x_wconf 59' lang='lat' dir='ltr'><strong>quid&#39;</strong></span> <span class='ocrx_word' id='word_1_73' title='bbox 955 1293 1074 1362; x_wconf 85' lang='lat' dir='ltr'><strong>adver·</strong></span> 
     </span>
     <span class='ocr_line' id='line_1_11' title="bbox 37 1395 1072 1490; baseline 0.005 -28"><span class='ocrx_word' id='word_1_74' title='bbox 37 1398 143 1476; x_wconf 88' lang='lat' dir='ltr'><strong>sarius,</strong></span> <span class='ocrx_word' id='word_1_75' title='bbox 169 1419 408 1478; x_wconf 86' lang='lat' dir='ltr'><strong>recenseamus,</strong></span> <span class='ocrx_word' id='word_1_76' title='bbox 431 1395 576 1490; x_wconf 80' lang='lat' dir='ltr'><strong>deniqne</strong></span> <span class='ocrx_word' id='word_1_77' title='bbox 598 1421 684 1490; x_wconf 84' lang='lat' dir='ltr'><strong>qnae</strong></span> <span class='ocrx_word' id='word_1_78' title='bbox 714 1419 754 1463; x_wconf 85' lang='lat' dir='ltr'><strong>ex</strong></span> <span class='ocrx_word' id='word_1_79' title='bbox 777 1397 953 1490; x_wconf 82' lang='lat' dir='ltr'><strong>utriusque</strong></span> <span class='ocrx_word' id='word_1_80' title='bbox 975 1421 1072 1467; x_wconf 84' lang='lat' dir='ltr'><strong>enar-</strong></span> 
     </span>
     <span class='ocr_line' id='line_1_12' title="bbox 36 1498 1014 1595; baseline 0.004 -29"><span class='ocrx_word' id='word_1_81' title='bbox 36 1503 157 1568; x_wconf 85' lang='lat' dir='ltr'><strong>ratione</strong></span> <span class='ocrx_word' id='word_1_82' title='bbox 180 1498 260 1566; x_wconf 86' lang='lat' dir='ltr'><strong>elici</strong></span> <span class='ocrx_word' id='word_1_83' title='bbox 280 1499 388 1595; x_wconf 88' lang='lat' dir='ltr'><strong>possit</strong></span> <span class='ocrx_word' id='word_1_84' title='bbox 408 1523 484 1568; x_wconf 85' lang='lat' dir='ltr'><strong>vern</strong></span> <span class='ocrx_word' id='word_1_85' title='bbox 504 1501 555 1570; x_wconf 89' lang='lat' dir='ltr'><strong>rei</strong></span> <span class='ocrx_word' id='word_1_86' title='bbox 577 1500 737 1586; x_wconf 89' lang='lat' dir='ltr'><strong>conditio,</strong></span> <span class='ocrx_word' id='word_1_87' title='bbox 758 1517 1014 1595; x_wconf 83' lang='lat' dir='ltr'><strong>perscrutemur.</strong></span> 
     </span>
     <span class='ocr_line' id='line_1_13' title="bbox 108 1604 1072 1700; baseline 0.002 -27"><span class='ocrx_word' id='word_1_88' title='bbox 108 1604 357 1673; x_wconf 87' lang='lat' dir='ltr'><strong>Demosthenes</strong></span> <span class='ocrx_word' id='word_1_89' title='bbox 382 1605 484 1698; x_wconf 86' lang='lat' dir='ltr'><strong>igitur</strong></span> <span class='ocrx_word' id='word_1_90' title='bbox 512 1625 581 1698; x_wconf 82' lang='lat' dir='ltr'><strong>quo</strong></span> <span class='ocrx_word' id='word_1_91' title='bbox 608 1623 760 1700; x_wconf 85' lang='lat' dir='ltr'><strong>tempore</strong></span> <span class='ocrx_word' id='word_1_92' title='bbox 790 1606 914 1674; x_wconf 76' lang='lat' dir='ltr'><strong>reversi</strong></span> <span class='ocrx_word' id='word_1_93' title='bbox 937 1628 977 1674; x_wconf 85' lang='lat' dir='ltr'><strong>ex</strong></span> <span class='ocrx_word' id='word_1_94' title='bbox 998 1607 1072 1675; x_wconf 89' lang='lat' dir='ltr'><strong>Ma·</strong></span> 
     </span>
     <span class='ocr_line' id='line_1_14' title="bbox 42 1707 1072 1804; baseline 0.005 -29"><span class='ocrx_word' id='word_1_95' title='bbox 42 1708 173 1777; x_wconf 77' lang='lat' dir='ltr'><strong>rodonia</strong></span> <span class='ocrx_word' id='word_1_96' title='bbox 200 1708 459 1778; x_wconf 86' lang='lat' dir='ltr'><strong>Atheniensium</strong></span> <span class='ocrx_word' id='word_1_97' title='bbox 487 1707 588 1802; x_wconf 83' lang='lat' dir='ltr'><strong>legati</strong></span> <span class='ocrx_word' id='word_1_98' title='bbox 614 1727 692 1804; x_wconf 92' lang='lat' dir='ltr'><strong>post</strong></span> <span class='ocrx_word' id='word_1_99' title='bbox 719 1733 837 1803; x_wconf 89' lang='lat' dir='ltr'><strong>pacem</strong></span> <span class='ocrx_word' id='word_1_100' title='bbox 866 1731 885 1776; x_wconf 83' lang='lat' dir='ltr'><strong>a</strong></span> <span class='ocrx_word' id='word_1_101' title='bbox 912 1709 1072 1804; x_wconf 91' lang='lat' dir='ltr'><strong>Philippo</strong></span> 
     </span>
     <span class='ocr_line' id='line_1_15' title="bbox 48 1811 1073 1908; baseline 0.006 -30"><span class='ocrx_word' id='word_1_102' title='bbox 48 1813 94 1880; x_wconf 86' lang='lat' dir='ltr'><strong>iure</strong></span> <span class='ocrx_word' id='word_1_103' title='bbox 125 1811 273 1881; x_wconf 89' lang='lat' dir='ltr'><strong>iurando</strong></span> <span class='ocrx_word' id='word_1_104' title='bbox 300 1813 532 1882; x_wconf 84' lang='lat' dir='ltr'><strong>confirmatam</strong></span> <span class='ocrx_word' id='word_1_105' title='bbox 559 1814 598 1881; x_wconf 91' lang='lat' dir='ltr'><strong>in</strong></span> <span class='ocrx_word' id='word_1_106' title='bbox 627 1814 737 1907; x_wconf 89' lang='lat' dir='ltr'><strong>prima</strong></span> <span class='ocrx_word' id='word_1_107' title='bbox 763 1813 925 1884; x_wconf 84' lang='lat' dir='ltr'><strong>concione</strong></span> <span class='ocrx_word' id='word_1_108' title='bbox 946 1813 989 1882; x_wconf 87' lang='lat' dir='ltr'><strong>ad</strong></span> <span class='ocrx_word' id='word_1_109' title='bbox 1009 1840 1073 1908; x_wconf 84' lang='lat' dir='ltr'><strong>po·</strong></span> 
     </span>
     <span class='ocr_line' id='line_1_16' title="bbox 44 1913 1074 2014; baseline 0.003 -31"><span class='ocrx_word' id='word_1_110' title='bbox 44 1917 145 2008; x_wconf 87' lang='lat' dir='ltr'><strong>pulum</strong></span> <span class='ocrx_word' id='word_1_111' title='bbox 179 1913 222 1984; x_wconf 93' lang='lat' dir='ltr'><strong>de</strong></span> <span class='ocrx_word' id='word_1_112' title='bbox 252 1915 426 2014; x_wconf 75' lang='lat' dir='ltr'><strong>legationis</strong></span> <span class='ocrx_word' id='word_1_113' title='bbox 448 1936 567 1989; x_wconf 84' lang='lat' dir='ltr'><strong>eventu</strong></span> <span class='ocrx_word' id='word_1_114' title='bbox 588 1917 766 2000; x_wconf 79' lang='lat' dir='ltr'><strong>referrent,</strong></span> <span class='ocrx_word' id='word_1_115' title='bbox 795 1913 991 2012; x_wconf 88' lang='lat' dir='ltr'><strong>Philippum</strong></span> <span class='ocrx_word' id='word_1_116' title='bbox 1014 1917 1074 1986; x_wconf 85' lang='lat' dir='ltr'><strong>sd-</strong></span> 
     </span>
     <span class='ocr_line' id='line_1_17' title="bbox 41 2021 1073 2117; baseline 0.005 -31"><span class='ocrx_word' id='word_1_117' title='bbox 41 2025 157 2089; x_wconf 83' lang='lat' dir='ltr'><strong>renisse</strong></span> <span class='ocrx_word' id='word_1_118' title='bbox 180 2023 248 2088; x_wconf 91' lang='lat' dir='ltr'><strong>iam</strong></span> <span class='ocrx_word' id='word_1_119' title='bbox 275 2021 318 2088; x_wconf 89' lang='lat' dir='ltr'><strong>ad</strong></span> <span class='ocrx_word' id='word_1_120' title='bbox 340 2021 586 2116; x_wconf 83' lang='lat' dir='ltr'><strong>Thermopylas</strong></span> <span class='ocrx_word' id='word_1_121' title='bbox 607 2021 692 2092; x_wconf 87' lang='lat' dir='ltr'><strong>dicit</strong></span> <span class='ocrx_word' id='word_1_122' title='bbox 719 2049 752 2090; x_wconf 86' lang='grc' dir='ltr'><strong>π.</strong></span> <span class='ocrx_word' id='word_1_123' title='bbox 779 2047 918 2112; x_wconf 78' lang='grc' dir='ltr'><strong>παραπρ.</strong></span> <span class='ocrx_word' id='word_1_124' title='bbox 940 2048 975 2117; x_wconf 89' lang='lat' dir='ltr'><strong>p.</strong></span> <span class='ocrx_word' id='word_1_125' title='bbox 996 2025 1073 2093; x_wconf 77' lang='lat'><strong>351.</strong></span> 
     </span>
     <span class='ocr_line' id='line_1_18' title="bbox 19 2125 1074 2219; baseline 0.005 -29"><span class='ocrx_word' id='word_1_126' title='bbox 19 2126 123 2210; x_wconf 85' lang='lat' dir='ltr'><strong>.Qnod</strong></span> <span class='ocrx_word' id='word_1_127' title='bbox 149 2149 229 2193; x_wconf 90' lang='lat' dir='ltr'><strong>cum</strong></span> <span class='ocrx_word' id='word_1_128' title='bbox 250 2149 314 2219; x_wconf 89' lang='lat' dir='ltr'><strong>per</strong></span> <span class='ocrx_word' id='word_1_129' title='bbox 333 2149 369 2194; x_wconf 85' lang='lat' dir='ltr'><strong>se</strong></span> <span class='ocrx_word' id='word_1_130' title='bbox 390 2125 573 2196; x_wconf 85' lang='lat' dir='ltr'><strong>verisimile</strong></span> <span class='ocrx_word' id='word_1_131' title='bbox 594 2144 659 2210; x_wconf 89' lang='lat' dir='ltr'><strong>est,</strong></span> <span class='ocrx_word' id='word_1_132' title='bbox 690 2127 769 2218; x_wconf 88' lang='lat' dir='ltr'><strong>quia</strong></span> <span class='ocrx_word' id='word_1_133' title='bbox 798 2149 962 2195; x_wconf 87' lang='lat' dir='ltr'><strong>summam</strong></span> <span class='ocrx_word' id='word_1_134' title='bbox 992 2129 1074 2197; x_wconf 87' lang='lat' dir='ltr'><strong>Phi-</strong></span> 
     </span>
     <span class='ocr_line' id='line_1_19' title="bbox 42 2228 1128 2324; baseline 0.008 -30"><span class='ocrx_word' id='word_1_135' title='bbox 42 2228 140 2324; x_wconf 84' lang='lat' dir='ltr'><strong>lippus</strong></span> <span class='ocrx_word' id='word_1_136' title='bbox 167 2253 305 2323; x_wconf 88' lang='lat' dir='ltr'><strong>operam</strong></span> <span class='ocrx_word' id='word_1_137' title='bbox 327 2228 445 2314; x_wconf 86' lang='lat' dir='ltr'><strong>dabat,</strong></span> <span class='ocrx_word' id='word_1_138' title='bbox 473 2255 517 2298; x_wconf 89' lang='lat' dir='ltr'><strong>ue</strong></span> <span class='ocrx_word' id='word_1_139' title='bbox 538 2229 816 2312; x_wconf 86' lang='lat' dir='ltr'><strong>Atheniensibus,</strong></span> <span class='ocrx_word' id='word_1_140' title='bbox 844 2229 873 2298; x_wconf 87' lang='lat' dir='ltr'><strong>si</strong></span> <span class='ocrx_word' id='word_1_141' title='bbox 900 2249 1074 2302; x_wconf 80' lang='lat' dir='ltr'><strong>cunctare-</strong></span> <span class='ocrx_word' id='word_1_142' title='bbox 1126 2295 1128 2303; x_wconf 30' lang='lat' dir='ltr'><em>s</em></span> 
     </span>
     <span class='ocr_line' id='line_1_20' title="bbox 43 2331 1137 2428; baseline 0.005 -28"><span class='ocrx_word' id='word_1_143' title='bbox 43 2349 93 2417; x_wconf 87' lang='lat' dir='ltr'><strong>tn,</strong></span> <span class='ocrx_word' id='word_1_144' title='bbox 124 2331 269 2403; x_wconf 89' lang='lat' dir='ltr'><strong>consilia</strong></span> <span class='ocrx_word' id='word_1_145' title='bbox 299 2359 357 2402; x_wconf 86' lang='lat' dir='ltr'><strong>sna</strong></span> <span class='ocrx_word' id='word_1_146' title='bbox 387 2335 612 2427; x_wconf 83' lang='lat' dir='ltr'><strong>cognoscendi</strong></span> <span class='ocrx_word' id='word_1_147' title='bbox 641 2333 918 2428; x_wconf 88' lang='lat' dir='ltr'><strong>impediendiqne</strong></span> <span class='ocrx_word' id='word_1_148' title='bbox 939 2339 1073 2428; x_wconf 82' lang='lat' dir='ltr'><strong>copiam</strong></span> <span class='ocrx_word' id='word_1_149' title='bbox 1135 2368 1137 2376; x_wconf 62' lang='grc'>’</span> 
     </span>
    </p>
   </div>
   <div class='ocr_carea' id='block_1_3' title="bbox 44 2437 1183 2530">
    <p class='ocr_par' dir='ltr' id='par_1_3' title="bbox 44 2437 1183 2530">
     <span class='ocr_line' id='line_1_21' title="bbox 44 2437 1183 2530; baseline 0.004 -26"><span class='ocrx_word' id='word_1_150' title='bbox 44 2438 164 2524; x_wconf 79' lang='lat' dir='ltr'><strong>inseret,</strong></span> <span class='ocrx_word' id='word_1_151' title='bbox 186 2455 259 2506; x_wconf 88' lang='lat' dir='ltr'><strong>tum</strong></span> <span class='ocrx_word' id='word_1_152' title='bbox 280 2463 322 2507; x_wconf 83' lang='lat' dir='ltr'><strong>ex</strong></span> <span class='ocrx_word' id='word_1_153' title='bbox 344 2461 383 2506; x_wconf 91' lang='lat' dir='ltr'><strong>eo</strong></span> <span class='ocrx_word' id='word_1_154' title='bbox 405 2437 634 2522; x_wconf 82' lang='lat' dir='ltr'><strong>manifestum,</strong></span> <span class='ocrx_word' id='word_1_155' title='bbox 664 2437 757 2530; x_wconf 86' lang='lat' dir='ltr'><strong>quod</strong></span> <span class='ocrx_word' id='word_1_156' title='bbox 779 2437 860 2522; x_wconf 79' lang='lat' dir='ltr'><strong>dum</strong></span> <span class='ocrx_word' id='word_1_157' title='bbox 881 2462 999 2530; x_wconf 90' lang='lat' dir='ltr'><strong>pacem</strong></span> <span class='ocrx_word' id='word_1_158' title='bbox 1021 2443 1074 2508; x_wconf 88' lang='lat' dir='ltr'><strong>iu·</strong></span> <span class='ocrx_word' id='word_1_159' title='bbox 1181 2466 1183 2472; x_wconf 79' lang='grc'><strong>’</strong></span> 
     </span>
    </p>
   </div>
   <div class='ocr_carea' id='block_1_4' title="bbox 30 2539 1162 4098">
    <p class='ocr_par' dir='ltr' id='par_1_4' title="bbox 30 2539 1162 4098">
     <span class='ocr_line' id='line_1_22' title="bbox 49 2539 1075 2628; baseline 0 -16"><span class='ocrx_word' id='word_1_160' title='bbox 49 2544 134 2628; x_wconf 78' lang='lat' dir='ltr'><strong>rabat,</strong></span> <span class='ocrx_word' id='word_1_161' title='bbox 171 2542 287 2610; x_wconf 90' lang='lat' dir='ltr'><strong>Pheris</strong></span> <span class='ocrx_word' id='word_1_162' title='bbox 308 2543 376 2608; x_wconf 82' lang='lat' dir='ltr'><strong>iain</strong></span> <span class='ocrx_word' id='word_1_163' title='bbox 397 2543 434 2610; x_wconf 89' lang='lat' dir='ltr'><strong>in</strong></span> <span class='ocrx_word' id='word_1_164' title='bbox 457 2539 630 2610; x_wconf 72' lang='lat' dir='ltr'><strong>Thessalia</strong></span> <span class='ocrx_word' id='word_1_165' title='bbox 650 2561 737 2624; x_wconf 83' lang='lat' dir='ltr'><strong>erut,</strong></span> <span class='ocrx_word' id='word_1_166' title='bbox 768 2557 802 2608; x_wconf 93' lang='lat' dir='ltr'><strong>et</strong></span> <span class='ocrx_word' id='word_1_167' title='bbox 827 2564 906 2618; x_wconf 85' lang='lat' dir='ltr'><strong>cum</strong></span> <span class='ocrx_word' id='word_1_168' title='bbox 928 2545 1075 2614; x_wconf 81' lang='lat' dir='ltr'><strong>exercitu</strong></span> 
     </span>
     <span class='ocr_line' id='line_1_23' title="bbox 46 2644 1075 2738; baseline 0.006 -25"><span class='ocrx_word' id='word_1_169' title='bbox 46 2646 273 2718; x_wconf 84' lang='lat' dir='ltr'><strong>hPhoeidem</strong></span> <span class='ocrx_word' id='word_1_170' title='bbox 299 2644 457 2715; x_wconf 81' lang='lat' dir='ltr'><strong>tendebat</strong></span> <span class='ocrx_word' id='word_1_171' title='bbox 478 2645 501 2714; x_wconf 93' lang='lat' dir='ltr'><strong>l.</strong></span> <span class='ocrx_word' id='word_1_172' title='bbox 525 2670 554 2713; x_wconf 85' lang='lat' dir='ltr'><strong>c.</strong></span> <span class='ocrx_word' id='word_1_173' title='bbox 575 2670 610 2738; x_wconf 84' lang='lat' dir='ltr'><strong>p.</strong></span> <span class='ocrx_word' id='word_1_174' title='bbox 633 2647 708 2738; x_wconf 82' lang='lat'><strong>39⁰·</strong></span> <span class='ocrx_word' id='word_1_175' title='bbox 753 2645 880 2715; x_wconf 86' lang='lat' dir='ltr'><strong>Concio</strong></span> <span class='ocrx_word' id='word_1_176' title='bbox 908 2644 969 2714; x_wconf 84' lang='lat' dir='ltr'><strong>ills</strong></span> <span class='ocrx_word' id='word_1_177' title='bbox 989 2646 1075 2718; x_wconf 81' lang='lat' dir='ltr'><strong>lacta</strong></span> 
     </span>
     <span class='ocr_line' id='line_1_24' title="bbox 41 2747 1090 2846; baseline 0.003 -28"><span class='ocrx_word' id='word_1_178' title='bbox 41 2769 76 2819; x_wconf 85' lang='lat' dir='ltr'><strong>est</strong></span> <span class='ocrx_word' id='word_1_179' title='bbox 104 2750 402 2844; x_wconf 71' lang='lat' dir='ltr'><strong>Scirophorionis‘</strong></span> <span class='ocrx_word' id='word_1_180' title='bbox 419 2749 474 2818; x_wconf 91' lang='lat' dir='ltr'><strong>die</strong></span> <span class='ocrx_word' id='word_1_181' title='bbox 495 2749 577 2819; x_wconf 86' lang='lat' dir='ltr'><strong>XVI</strong></span> <span class='ocrx_word' id='word_1_182' title='bbox 599 2747 633 2836; x_wconf 88' lang='lat' dir='ltr'><strong>(l.</strong></span> <span class='ocrx_word' id='word_1_183' title='bbox 660 2773 690 2820; x_wconf 89' lang='lat' dir='ltr'><strong>c.</strong></span> <span class='ocrx_word' id='word_1_184' title='bbox 717 2774 752 2844; x_wconf 86' lang='lat' dir='ltr'><strong>p.</strong></span> <span class='ocrx_word' id='word_1_185' title='bbox 784 2751 876 2841; x_wconf 81' lang='lat'><strong>359),</strong></span> <span class='ocrx_word' id='word_1_186' title='bbox 898 2752 941 2820; x_wconf 83' lang='lat' dir='ltr'><strong>in</strong></span> <span class='ocrx_word' id='word_1_187' title='bbox 968 2759 1090 2846; x_wconf 88' lang='lat' dir='ltr'><strong>eaque&#39;</strong></span> 
     </span>
     <span class='ocr_line' id='line_1_25' title="bbox 36 2853 1076 2949; baseline 0.004 -27"><span class='ocrx_word' id='word_1_188' title='bbox 36 2856 232 2927; x_wconf 86' lang='lat' dir='ltr'><strong>Philocrates</strong></span> <span class='ocrx_word' id='word_1_189' title='bbox 255 2855 426 2925; x_wconf 89' lang='lat' dir='ltr'><strong>decretum</strong></span> <span class='ocrx_word' id='word_1_190' title='bbox 448 2853 538 2936; x_wconf 91' lang='lat' dir='ltr'><strong>tulit,</strong></span> <span class='ocrx_word' id='word_1_191' title='bbox 559 2855 596 2922; x_wconf 90' lang='lat' dir='ltr'><strong>in</strong></span> <span class='ocrx_word' id='word_1_192' title='bbox 618 2877 686 2949; x_wconf 84' lang='lat' dir='ltr'><strong>quo</strong></span> <span class='ocrx_word' id='word_1_193' title='bbox 706 2871 842 2947; x_wconf 87' lang='lat' dir='ltr'><strong>praeter</strong></span> <span class='ocrx_word' id='word_1_194' title='bbox 863 2872 972 2925; x_wconf 82' lang='lat' dir='ltr'><strong>cetera</strong></span> <span class='ocrx_word' id='word_1_195' title='bbox 994 2859 1076 2926; x_wconf 89' lang='lat' dir='ltr'><strong>scri-</strong></span> 
     </span>
     <span class='ocr_line' id='line_1_26' title="bbox 33 2957 1077 3060; baseline 0.004 -31"><span class='ocrx_word' id='word_1_196' title='bbox 33 2979 123 3052; x_wconf 89' lang='lat' dir='ltr'><strong>ptum</strong></span> <span class='ocrx_word' id='word_1_197' title='bbox 163 2983 298 3054; x_wconf 86' lang='lat' dir='ltr'><strong>quoque</strong></span> <span class='ocrx_word' id='word_1_198' title='bbox 328 2977 413 3028; x_wconf 88' lang='lat' dir='ltr'><strong>erat:</strong></span> <span class='ocrx_word' id='word_1_199' title='bbox 447 2959 635 3028; x_wconf 88' lang='lat' dir='ltr'><strong>Phocenses</strong></span> <span class='ocrx_word' id='word_1_200' title='bbox 669 2958 835 3052; x_wconf 89' lang='lat' dir='ltr'><strong>templum</strong></span> <span class='ocrx_word' id='word_1_201' title='bbox 868 2957 1077 3060; x_wconf 83' lang='lat' dir='ltr'><strong>Delphicum</strong></span> 
     </span>
     <span class='ocr_line' id='line_1_27' title="bbox 33 3053 1076 3160; baseline 0.006 -30"><span class='ocrx_word' id='word_1_202' title='bbox 33 3064 336 3160; x_wconf 78' lang='lat' dir='ltr'><strong>Amphictyonibus</strong></span> <span class='ocrx_word' id='word_1_203' title='bbox 356 3065 586 3146; x_wconf 88' lang='lat' dir='ltr'><strong>restituerent,</strong></span> <span class='ocrx_word' id='word_1_204' title='bbox 617 3062 711 3155; x_wconf 89' lang='lat' dir='ltr'><strong>quod</strong></span> <span class='ocrx_word' id='word_1_205' title='bbox 737 3053 798 3155; x_wconf 78' lang='lat' dir='ltr'><strong>qui</strong></span> <span class='ocrx_word' id='word_1_206' title='bbox 828 3063 997 3158; x_wconf 88' lang='lat' dir='ltr'><strong>impedire</strong></span> <span class='ocrx_word' id='word_1_207' title='bbox 1019 3089 1076 3136; x_wconf 91' lang='lat' dir='ltr'><strong>co-</strong></span> 
     </span>
     <span class='ocr_line' id='line_1_28' title="bbox 32 3165 1077 3252; baseline 0.002 -17"><span class='ocrx_word' id='word_1_208' title='bbox 32 3174 95 3237; x_wconf 85' lang='lat' dir='ltr'><strong>nati</strong></span> <span class='ocrx_word' id='word_1_209' title='bbox 120 3169 261 3250; x_wconf 87' lang='lat' dir='ltr'><strong>fuerint,</strong></span> <span class='ocrx_word' id='word_1_210' title='bbox 285 3169 385 3235; x_wconf 88' lang='lat' dir='ltr'><strong>armis</strong></span> <span class='ocrx_word' id='word_1_211' title='bbox 407 3193 478 3236; x_wconf 89' lang='lat' dir='ltr'><strong>esse</strong></span> <span class='ocrx_word' id='word_1_212' title='bbox 490 3168 711 3252; x_wconf 77' lang='lat' dir='ltr'><strong>Athenienses</strong></span> <span class='ocrx_word' id='word_1_213' title='bbox 728 3165 883 3235; x_wconf 85' lang='lat' dir='ltr'><strong>adversus</strong></span> <span class='ocrx_word' id='word_1_214' title='bbox 906 3189 962 3236; x_wconf 84' lang='lat' dir='ltr'><strong>eos</strong></span> <span class='ocrx_word' id='word_1_215' title='bbox 984 3187 1077 3237; x_wconf 88' lang='lat' dir='ltr'><strong>actu·-</strong></span> 
     </span>
     <span class='ocr_line' id='line_1_29' title="bbox 32 3257 1076 3367; baseline 0 -26"><span class='ocrx_word' id='word_1_216' title='bbox 32 3296 80 3341; x_wconf 85' lang='lat' dir='ltr'><strong>ros</strong></span> <span class='ocrx_word' id='word_1_217' title='bbox 102 3271 142 3357; x_wconf 93' lang='lat' dir='ltr'><strong>(l.</strong></span> <span class='ocrx_word' id='word_1_218' title='bbox 166 3297 195 3339; x_wconf 87' lang='lat' dir='ltr'><strong>c.</strong></span> <span class='ocrx_word' id='word_1_219' title='bbox 217 3299 251 3367; x_wconf 87' lang='lat' dir='ltr'><strong>p.</strong></span> <span class='ocrx_word' id='word_1_220' title='bbox 275 3273 365 3362; x_wconf 85' lang='lat'><strong>356).</strong></span> <span class='ocrx_word' id='word_1_221' title='bbox 409 3257 560 3340; x_wconf 68' lang='lat' dir='ltr'><strong>Aderdnt</strong></span> <span class='ocrx_word' id='word_1_222' title='bbox 580 3289 703 3352; x_wconf 89' lang='lat' dir='ltr'><strong>autem,</strong></span> <span class='ocrx_word' id='word_1_223' title='bbox 723 3261 806 3339; x_wconf 85' lang='lat' dir='ltr'><strong>haec</strong></span> <span class='ocrx_word' id='word_1_224' title='bbox 817 3289 925 3364; x_wconf 87' lang='lat' dir='ltr'><strong>quum</strong></span> <span class='ocrx_word' id='word_1_225' title='bbox 936 3271 1076 3341; x_wconf 85' lang='lat' dir='ltr'><strong>Athenis</strong></span> 
     </span>
     <span class='ocr_line' id='line_1_30' title="bbox 32 3375 1077 3472; baseline 0 -28"><span class='ocrx_word' id='word_1_226' title='bbox 32 3376 309 3458; x_wconf 78' lang='lat' dir='ltr'><strong>decernebantur,</strong></span> <span class='ocrx_word' id='word_1_227' title='bbox 329 3376 554 3444; x_wconf 89' lang='lat' dir='ltr'><strong>Phocensium</strong></span> <span class='ocrx_word' id='word_1_228' title='bbox 565 3376 668 3470; x_wconf 83' lang='lat' dir='ltr'><strong>legati</strong></span> <span class='ocrx_word' id='word_1_229' title='bbox 681 3377 815 3459; x_wconf 89' lang='lat' dir='ltr'><strong>(rectius</strong></span> <span class='ocrx_word' id='word_1_230' title='bbox 831 3375 986 3446; x_wconf 86' lang='lat' dir='ltr'><strong>Phalaeci</strong></span> <span class='ocrx_word' id='word_1_231' title='bbox 999 3401 1077 3472; x_wconf 90' lang='lat' dir='ltr'><strong>spe-</strong></span> 
     </span>
     <span class='ocr_line' id='line_1_31' title="bbox 33 3478 1076 3576; baseline 0.001 -26"><span class='ocrx_word' id='word_1_232' title='bbox 33 3483 216 3564; x_wconf 82' lang='lat' dir='ltr'><strong>culatores),</strong></span> <span class='ocrx_word' id='word_1_233' title='bbox 238 3498 286 3565; x_wconf 89' lang='lat' dir='ltr'><strong>ut,</strong></span> <span class='ocrx_word' id='word_1_234' title='bbox 309 3478 394 3574; x_wconf 90' lang='lat' dir='ltr'><strong>quid</strong></span> <span class='ocrx_word' id='word_1_235' title='bbox 415 3478 726 3550; x_wconf 79' lang='lat' dir='ltr'><strong>abAtheniensibus</strong></span> <span class='ocrx_word' id='word_1_236' title='bbox 748 3482 932 3574; x_wconf 84' lang='lat' dir='ltr'><strong>exspectari</strong></span> <span class='ocrx_word' id='word_1_237' title='bbox 953 3499 1076 3576; x_wconf 89' lang='lat' dir='ltr'><strong>posset,</strong></span> 
     </span>
     <span class='ocr_line' id='line_1_32' title="bbox 34 3584 1077 3678; baseline 0.002 -25"><span class='ocrx_word' id='word_1_238' title='bbox 34 3605 163 3653; x_wconf 88' lang='lat' dir='ltr'><strong>nature</strong></span> <span class='ocrx_word' id='word_1_239' title='bbox 192 3602 440 3678; x_wconf 86' lang='lat' dir='ltr'><strong>cognoscerent.</strong></span> <span class='ocrx_word' id='word_1_240' title='bbox 489 3585 545 3657; x_wconf 80' lang='lat' dir='ltr'><strong>Ab</strong></span> <span class='ocrx_word' id='word_1_241' title='bbox 576 3585 630 3654; x_wconf 89' lang='lat' dir='ltr'><strong>his</strong></span> <span class='ocrx_word' id='word_1_242' title='bbox 651 3585 763 3678; x_wconf 50' lang='lat' dir='ltr'><strong>*igitur</strong></span> <span class='ocrx_word' id='word_1_243' title='bbox 790 3584 834 3654; x_wconf 90' lang='lat' dir='ltr'><strong>de</strong></span> <span class='ocrx_word' id='word_1_244' title='bbox 851 3584 990 3654; x_wconf 79' lang='lat' dir='ltr'><strong>‘decreto</strong></span> <span class='ocrx_word' id='word_1_245' title='bbox 1012 3589 1077 3655; x_wconf 91' lang='lat' dir='ltr'><strong>isto</strong></span> 
     </span>
     <span class='ocr_line' id='line_1_33' title="bbox 34 3681 1078 3785; baseline 0.002 -27"><span class='ocrx_word' id='word_1_246' title='bbox 34 3694 158 3758; x_wconf 85' lang='lat' dir='ltr'><strong>certior</strong></span> <span class='ocrx_word' id='word_1_247' title='bbox 183 3681 299 3756; x_wconf 62' lang='lat' dir='ltr'><strong>sactus*</strong></span> <span class='ocrx_word' id='word_1_248' title='bbox 317 3687 514 3770; x_wconf 83' lang='lat' dir='ltr'><strong>Phalaecus,</strong></span> <span class='ocrx_word' id='word_1_249' title='bbox 550 3689 772 3758; x_wconf 81' lang='lat' dir='ltr'><strong>Athenienses</strong></span> <span class='ocrx_word' id='word_1_250' title='bbox 806 3712 884 3758; x_wconf 89' lang='lat' dir='ltr'><strong>cum</strong></span> <span class='ocrx_word' id='word_1_251' title='bbox 915 3688 1078 3785; x_wconf 88' lang='lat' dir='ltr'><strong>Philippo</strong></span> 
     </span>
     <span class='ocr_line' id='line_1_34' title="bbox 31 3790 1078 3888; baseline -0.002 -26"><span class='ocrx_word' id='word_1_252' title='bbox 31 3792 226 3886; x_wconf 86' lang='lat' dir='ltr'><strong>conspirare</strong></span> <span class='ocrx_word' id='word_1_253' title='bbox 241 3812 349 3874; x_wconf 83' lang='lat' dir='ltr'><strong>ratus,</strong></span> <span class='ocrx_word' id='word_1_254' title='bbox 379 3810 499 3887; x_wconf 89' lang='lat' dir='ltr'><strong>sponte</strong></span> <span class='ocrx_word' id='word_1_255' title='bbox 527 3817 563 3862; x_wconf 91' lang='lat' dir='ltr'><strong>se</strong></span> <span class='ocrx_word' id='word_1_256' title='bbox 588 3818 732 3885; x_wconf 90' lang='lat' dir='ltr'><strong>suosque</strong></span> <span class='ocrx_word' id='word_1_257' title='bbox 753 3793 913 3888; x_wconf 90' lang='lat' dir='ltr'><strong>Philippo</strong></span> <span class='ocrx_word' id='word_1_258' title='bbox 934 3790 1078 3877; x_wconf 86' lang='lat' dir='ltr'><strong>dedidit,</strong></span> 
     </span>
     <span class='ocr_line' id='line_1_35' title="bbox 31 3897 1162 3992; baseline -0.002 -26"><span class='ocrx_word' id='word_1_259' title='bbox 31 3924 110 3966; x_wconf 90' lang='lat' dir='ltr'><strong>cum</strong></span> <span class='ocrx_word' id='word_1_260' title='bbox 132 3921 244 3991; x_wconf 85' lang='lat' dir='ltr'><strong>eoque</strong></span> <span class='ocrx_word' id='word_1_261' title='bbox 265 3914 383 3990; x_wconf 88' lang='lat' dir='ltr'><strong>pactus</strong></span> <span class='ocrx_word' id='word_1_262' title='bbox 406 3915 470 3979; x_wconf 90' lang='lat' dir='ltr'><strong>est,</strong></span> <span class='ocrx_word' id='word_1_263' title='bbox 502 3915 540 3964; x_wconf 92' lang='lat' dir='ltr'><strong>ut</strong></span> <span class='ocrx_word' id='word_1_264' title='bbox 569 3897 699 3965; x_wconf 83' lang='lat' dir='ltr'><strong>traditis</strong></span> <span class='ocrx_word' id='word_1_265' title='bbox 720 3899 759 3965; x_wconf 88' lang='lat' dir='ltr'><strong>in</strong></span> <span class='ocrx_word' id='word_1_266' title='bbox 778 3913 976 3991; x_wconf 84' lang='lat' dir='ltr'><strong>potestatem</strong></span> <span class='ocrx_word' id='word_1_267' title='bbox 998 3898 1079 3965; x_wconf 80' lang='lat' dir='ltr'><strong>Phi·</strong></span> <span class='ocrx_word' id='word_1_268' title='bbox 1158 3975 1162 3992; x_wconf 39' lang='grc' dir='ltr'><strong><em>Ι</em></strong></span> 
     </span>
     <span class='ocr_line' id='line_1_36' title="bbox 30 3999 1079 4098; baseline 0.002 -30"><span class='ocrx_word' id='word_1_269' title='bbox 30 4002 123 4096; x_wconf 88' lang='lat' dir='ltr'><strong>lippi</strong></span> <span class='ocrx_word' id='word_1_270' title='bbox 145 3999 301 4070; x_wconf 86' lang='lat' dir='ltr'><strong>Phocidis</strong></span> <span class='ocrx_word' id='word_1_271' title='bbox 323 4002 463 4070; x_wconf 84' lang='lat' dir='ltr'><strong>urbibus</strong></span> <span class='ocrx_word' id='word_1_272' title='bbox 486 4001 552 4096; x_wconf 91' lang='lat' dir='ltr'><strong>ipsi</strong></span> <span class='ocrx_word' id='word_1_273' title='bbox 574 4004 643 4074; x_wconf 88' lang='lat' dir='ltr'><strong>suis</strong></span> <span class='ocrx_word' id='word_1_274' title='bbox 665 4027 744 4074; x_wconf 79' lang='lat' dir='ltr'><strong>eum</strong></span> <span class='ocrx_word' id='word_1_275' title='bbox 759 4001 922 4070; x_wconf 88' lang='lat' dir='ltr'><strong>militibus</strong></span> <span class='ocrx_word' id='word_1_276' title='bbox 944 4002 1079 4098; x_wconf 90' lang='lat' dir='ltr'><strong>impuni</strong></span> 
     </span>
    </p>
   </div>
   <div class='ocr_carea' id='block_1_5' title="bbox 0 0 1332 4776">
    <p class='ocr_par' dir='ltr' id='par_1_5' title="bbox 0 0 1332 4776">
     <span class='ocr_line' id='line_1_37' title="bbox 0 0 1332 4776; baseline 0 0"><span class='ocrx_word' id='word_1_277' title='bbox 0 0 1332 4776; x_wconf 95' lang='lat' dir='ltr'><strong> </strong></span> 
     </span>
    </p>
   </div>
  </div>
 </body>
</html>
