2706 4782
92 472 189 568 cipes
211 471 426 566 corruptione
456 470 499 538 ad
520 470 651 544 bellum
684 471 841 540 adversus
862 471 1146 548 Lacedaemonios

42 571 48 578 ’
91 574 312 646 excitandum
335 594 567 644 commoveret
612 577 655 646 V.
677 577 765 644 Xen.
795 575 882 644 Hall.
915 566 1148 663 111,5*,1et

92 707 116 750 n
152 677 269 773 ibique
293 677 486 746 Schneider.
530 679 585 746 Ab
616 681 681 758 hoc
709 681 812 774 igitur
840 682 986 776 instigati
1015 685 1052 750 in
1074 687 1148 778 pri-

90 787 161 852 mis
183 785 336 852 Thebani
365 785 478 850 statim
507 801 654 853 veterem
675 785 858 853 Locrenses
885 785 974 853 inter
995 786 1147 856 Phocen-

97 911 217 982 sesque
239 886 442 956 simultatem
464 887 666 974 incendunt,
688 887 841 984 sectaque
863 875 1085 958 Phocensium
1108 895 1147 962 in

93 991 279 1086 Locridem
300 991 535 1082 impressione,
565 994 791 1062 Locrensibus
820 995 887 1086 ipsi
917 993 1075 1064 auxilium
1092 997 1148 1064 -fe-
1195 981 1198 990 ’

90 1115 188 1166 runt
234 1099 309 1181 Quo
329 1094 426 1164 dacto
457 1097 644 1168 Phocenses
675 1115 931 1192 conqueruntur
963 1097 1054 1190 apud
1083 1101 1147 1168 La-

93 1191 340 1281 cedaemonios,
364 1201 424 1292 qui
445 1199 527 1269 inde
550 1225 568 1268 a
583 1201 652 1269 fine
666 1200 750 1269 belli
766 1200 1042 1296 Peloponnesiaci
1054 1203 1147 1272 The-

95 1307 194 1374 banis
215 1303 329 1372 multis
352 1302 523 1406 decausis
546 1307 689 1398 graviter
710 1307 833 1374 infensi
854 1305 1000 1374 libenter
1019 1308 1147 1401 Lysan-
1219 1339 1221 1346 ,

96 1412 199 1479 dmm
220 1412 258 1476 in
278 1409 452 1478 Boeotiam
474 1407 517 1474 ad
538 1409 719 1479 vindictam
746 1410 790 1478 de
812 1409 983 1478 Thebanis
1011 1431 1146 1480 sumen·
1191 1485 1194 1494 y

93 1515 176 1584 darn
201 1515 349 1582 mittunt.
393 1513 480 1580 Xen.
496 1511 585 1579 Hell.
609 1513 670 1596 ΙΙΙ,
696 1517 726 1597 5,
751 1518 781 1584 5.
827 1513 911 1582 Inde
933 1515 1146 1608 igitur'The-

90 1619 191 1700 bani,
224 1615 567 1685 Lacedaemoniorum
595 1619 682 1685 iram
707 1621 999 1711 pertimescentes,
1038 1621 1144 1688 Athe-

94 1725 242 1803 nienses,
263 1712 303 1788 ut
323 1719 405 1787 belli
427 1721 618 1790 societatem
643 1746 758 1790 secum
779 1723 921 1804 inirent,
949 1721 1145 1814 implorant.

97 1827 139 1894 lli
162 1847 254 1906 vero,
278 1849 483 1918 quamquam
505 1823 654 1909 damnis,
684 1851 770 1920 quae
799 1849 883 1920 pace
911 1823 972 1893 ille
1000 1827 1145 1917 ignomi-

93 1933 191 1999 niosa
218 1927 381 2012 fecerant,
415 1927 569 1997 nondum
596 1932 770 2013 correctis,
799 1928 910 1998 deum
938 1947 1050 1998 tamen
1078 1931 1145 1999 sihi

92 2036 244 2127 primam
265 2035 383 2103 veteris
406 2032 560 2102 fortunae
582 2035 831 2128 recuperandae
858 2036 1144 2128 opportunitatem

93 2141 160 2206 rati
166 2188 177 2220 ,
207 2156 340 2206 auctore
368 2137 577 2232 Thrasybulo
612 2162 713 2232 opem
741 2137 916 2210 serendam
949 2135 1145 2208 decernunt.

1 2321 2 2328 ἵ
94 2241 272 2336 Lysander
306 2241 454 2311 collectis
491 2241 535 2310 ad
570 2242 757 2318 Haliartum
794 2244 900 2339 copiis
927 2243 1146 2310 immaturum

68 2339 71 2346 ¹
98 2371 178 2416 cum
193 2347 364 2416 Thebanis
386 2348 556 2442 proelium
577 2349 765 2429 committit,
788 2349 826 2414 in
848 2369 956 2440 eoque
977 2349 1050 2440 ipse
1072 2347 1146 2440 glo-

96 2454 219 2520 riosam
231 2469 375 2520 mortem
391 2449 586 2520 succumbit
620 2451 787 2518 Postridie
802 2452 977 2526 Pausanias
990 2473 1060 2532 rex,
1084 2452 1145 2544 qni

101 2553 215 2624 codem
241 2555 313 2624 ¹die
349 2581 428 2624 cum
457 2551 630 2648 Lysandro
669 2552 713 2621 ad
746 2552 932 2622 Haliartum
965 2555 1145 2624 convenire

95 2661 202 2730 iussus
224 2679 304 2745 erat,
326 2686 404 2728 cum
425 2658 584 2728 subsidiis
616 2658 704 2726 iusto
727 2659 832 2725 serius
853 2673 1008 2752 apparet,
1037 2658 1146 2725 Athe-
1176 2673 1178 2678 '

91 2766 269 2832 niensibus
291 2789 371 2834 vero
394 2765 481 2834 duce
504 2762 717 2856 Thrasybulo
741 2763 896 2832 celeriter
911 2760 1144 2830 advolantibus

96 2871 278 2961 confligere
307 2893 377 2936 non
405 2891 503 2935 ausus
532 2891 610 2935 cum
632 2867 803 2933 Thebanis
828 2868 1026 2959 paciscitur,
1057 2858 1152 2933 infe-¹

94 2991 215 3068 ctaque
250 2997 289 3040 re
310 2970 450 3042 domum
476 2971 664 3038 revertitur.
718 2971 875 3062 Xenoph.
902 2969 992 3038 Hell.
1027 2969 1077 3053 ΙΙ,
1112 2972 1144 3051 5,
1171 3033 1175 3042 ,

96 3080 139 3148 16
160 3103 234 3172 sqq.
279 3075 368 3146 Plut.
392 3074 538 3170 Lysand.
560 3098 589 3141 c.
618 3076 657 3142 18
684 3091 718 3140 et
743 3098 791 3164 ¹9·
835 3074 1012 3142 Pausanias
1035 3072 1095 3156 ΙΙΙ,
1121 3074 1141 3142 5

1 3237 2 3282 3
94 3202 131 3252 et
162 3207 200 3252 to
235 3207 261 3250 s.
288 3182 312 3247 f.
368 3181 432 3252 Res
464 3180 547 3246 haec
588 3177 711 3245 accidit
739 3176 925 3245 secundum
954 3173 1145 3246 Diodorum

91 3287 196 3368 XIV,
229 3290 266 3356 81
303 3283 443 3378 Olymp.
474 3283 589 3352 XCVI
614 3306 643 3352 a.
677 3306 713 3364 t,
743 3305 803 3349 seu
822 3282 934 3374 potius
956 3280 1146 3350 secundum

1 3387 2 3392 ¹
93 3393 336 3460 accuratiorem
350 3386 528 3470 calculum,
549 3387 611 3481 qui
629 3385 772 3454 subduci
798 3409 818 3454 e
837 3375 1072 3479 Xenophontis
1088 3385 1144 3452 hi-

14 3543 19 3550 ·
93 3498 196 3565 storia
224 3512 350 3586 potest,
380 3491 530 3560 eiusdem
557 3491 698 3585 Olymp.
729 3515 758 3557 a.
792 3489 950 3559 secundo.
1004 3488 1075 3559 Sed
1100 3489 1144 3556 de

1 3667 2 3680 ,
92 3621 246 3694 tempore
275 3623 305 3668 r.
336 3595 507 3667 Dodwelli
537 3594 690 3665 chronol.
719 3594 1144 3686 Xenophontnr.XV11,
1189 3683 1190 3688 ἵ

1 4283 3 4402 l

93 3705 156 3799 qui
188 3723 300 3771 tamen
333 3725 513 3796 perperam
545 3699 684 3794 Olymp.
720 3697 799 3766 CVI
831 3721 860 3768 a.
900 3701 920 3768 3
956 3697 1141 3789 'Lysandri
1194 3745 1200 3756 ·

93 3809 233 3878 caedem
255 3807 444 3890 constituit,
475 3804 635 3898 deceptus
664 3803 861 3898 praesertim
883 3825 942 3870 sua
962 3800 1007 3868 de
1028 3801 1145 3895 Pythi-

93 3915 142 3980 cis
165 3910 253 3988 lndia
277 3912 452 3995 sententia,
475 3932 557 4002 quos
581 3909 685 3988 altero
706 3930 842 4001 quoque
854 3905 1036 4000 Olympico
1055 3930 1143 3974 anno

95 4016 205 4084 editos
238 4019 403 4109 opinatur.
460 4013 615 4084 Nostram
643 4014 841 4111 sententiam
871 4011 1064 4106 probabunt
1092 4034 1143 4078 se·
1192 3999 1195 4007 Δ

96 4138 244 4214 quentia.
332 4181 335 4186 .
