2694 4784
659 345 661 348 ,
773 273 821 350 96

274 471 378 544 quem
406 450 443 516 in
475 469 558 541 paee
588 447 650 514 bac
682 443 915 541 componenda
943 471 1022 517 eum
1049 471 1089 518 eo
1118 455 1319 548 conspirasse

273 551 515 622 Demosthenes
538 550 719 645 praedicet.
765 553 807 620 V.
831 576 880 620 or.
905 550 947 618 de
974 558 1046 621 cor.
1075 561 1117 652 p.¹
1135 559 1211 628 232.
1258 562 1321 628 Ve-

274 685 352 754 rum
373 655 545 724 Eubulum
565 653 658 723 hunc
686 648 912 747 in-legatione
941 655 1000 758 illa
1027 656 1158 728 nullam
1184 673 1334 755 prorsus}

274 781 406 858 partem
426 761 599 839 habuisse,
629 756 848 826 clarissimum
875 760 1043 829 indie'ium
1069 782 1172 836 exstat
1193 769 1233 834 in
1257 759 1334 838 fineE

275 868 437 936 orationis
465 864 680 934 Aeschineae.
734 865 895 933 Provocat
933 867 1024 933 enim
1057 868 1106 934 ibi
1138 869 1322 940 Aeschines

273 971 463 1053 Eubulum,
492 987 531 1036 ut
550 967 753 1062 probitatem
780 993 875 1036 suam
896 994 962 1037 suo
985 972 1175 1042 testimonio
1198 977 1323 1044 confir-

274 1099 367 1145 mare
391 1072 468 1144 velit
487 1073 539 1141 his
551 1074 677 1160 verbis:
700 1080 871 1161 παρακαλῶ
893 1076 929 1140 δὲ
943 1073 1105 1159 Εὔβουλον
1126 1077 1185 1160 μὲν
1206 1081 1239 1146 ἐκ
1260 1088 1323 1148 τῶν

271 1178 439 1250 Ιπολιτικῶν
460 1182 510 1245 eol
532 1177 703 1267 σωφρόνων
725 1177 848 1265 ἀνδρῷν
870 1173 1057 1266 σννῆγορον,
1089 1202 1160 1245 non
1184 1180 1335 1266 addens,

274 1282 435 1376 collegam
456 1284 521 1350 sibi
546 1308 624 1350 eum
645 1284 682 1348 in
703 1280 867 1373 legatione
888 1279 1045 1350 obeunda
1073 1281 1195 1382 fuisse,
1230 1287 1319 1380 qnod

191 1405 193 1409 '
274 1387 473 1469 addidisset,
502 1388 530 1454 si
559 1411 598 1452 re
626 1411 704 1456 vera
732 1383 882 1453 Eubulus
910 1387 972 1455 iste
1002 1410 1080 1453 cum
1109 1410 1147 1455 eo
1178 1395 1317 1460 essetiu

198 1496 200 1500 ’
273 1491 509 1568 Macedoniam
530 1491 705 1582 profectus.
751 1489 944 1583 Eubulique
966 1491 1065 1558 huius
1079 1491 1318 1564 intercessione

274 1597 463 1666 absolutum
493 1619 563 1663 esse
584 1595 787 1666 Aeschinem
809 1612 952 1677 constat,
983 1619 1088 1686 quum
1114 1619 1251 1667 causam
1281 1601 1316 1668 de

272 1703 360 1770 male
383 1719 472 1795 gesta
493 1699 660 1795 legatione
682 1718 808 1795 agerets
851 1699 960 1783 Quem
983 1699 1122 1792 quidem
1144 1699 1319 1795 Spintheri

143 1883 145 1894 Α
247 1803 391 1892 hlium,
414 1803 708 1887 Probalisium,
738 1802 954 1896 Pseudoplut.
985 1822 1079 1873 vocat
1101 1803 1180 1895 (vit,
1195 1808 1231 1876 X
1256 1835 1319 1878 orr.

268 1911 487 2000 ¹inAesch.),
510 1912 624 2002 etqui
649 1933 727 1973 eum
755 1909 928 2001 exscripsit
949 1908 1086 1976 Phoiius
1115 1907 1206 1998 (cod.
1232 1915 1317 2002 264),

267 2018 410 2108 utrique
446 2032 557 2081 tamen
590 2035 705 2112 errore
732 2013 821 2106 capti
851 2010 964 2083 iudice
991 2009 1193 2084 Ruhnhenio
1229 2019 1317 2102 (hist.

272 2121 348 2188 crit.
379 2141 444 2186 orr.
469 2117 528 2208 Gr.
558 2142 592 2210 p.
625 2115 702 2200 145,
724 2112 762 2181 in
790 2139 857 2184 orr.
882 2117 942 2183 Gr.
972 2116 1024 2185 ed.
1046 2119 1085 2186 R.
1107 2118 1182 2188 Vol.
1205 2121 1317 2212 vul),

274 2225 334 2318 qui
355 2241 446 2291 recte
467 2219 725 2313 Anaphlystium
746 2220 873 2313 ubique
895 2220 1041 2314 intelligi
1062 2221 1141 2305 vult,
1160 2225 1219 2294 nbi
1235 2228 1318 2294 sim-

271 2327 405 2426 pliciter
425 2321 577 2394 Eubulus
600 2344 888 2394 commemoretur.
936 2329 1028 2412 Quae
1050 2353 1156 2422 quum
1172 2332 1214 2400 ita
1234 2331 1312 2414 sint,

271 2435 389 2529 quaeri
410 2434 477 2502 iam
498 2432 620 2527 possit,
652 2431 822 2510 decretum
851 2431 916 2499 hoc
946 2431 988 2498 ad
1011 2431 1154 2501 aliamne
1175 2432 1315 2528 legatio-

270 2563 351 2608 nem
361 2541 537 2632 pertineat,
550 2561 736 2632 pacemque
747 2541 883 2605 lortasse
898 2536 959 2603 ΟΙ.·
970 2536 1044 2620 CX,
1061 2539 1169 2631 Spost
1185 2539 1319 2610 cladem

272 2643 542 2722 Chaeronensem
564 2643 800 2734 compositam,
824 2659 866 2724 et,
890 2639 983 2735 quod
1004 2641 1084 2709 inde
1107 2667 1317 2738 consequens

271 2763 333 2830 est,
359 2745 590 2838 profectumne
619 2738 693 2812 non
721 2757 740 2809 a
760 2743 984 2818 Demosthene
1006 2749 1066 2831 sit,
1099 2745 1158 2814 sed
1180 2749 1224 2814 ab
1246 2750 1319 2818 aliis

270 2839 579 2942 posterioribusque
602 2848 806 2940 temporibus
829 2851 996 2918 insertum'
1012 2870 1045 2919 et
1066 2876 1144 2920 cum
1164 2878 1244 2924 vero
1257 2855 1320 2922 de-

270 2971 375 3024 creto
399 2951 593 3020 confusum?
635 2950 703 3019 Sed
743 2951 824 3020 huic
861 2957 1045 3024 sententiae
1081 2955 1214 3052 reliqua
1257 2960 1318 3026 de-

190 3095 192 3102 v
248 3149 250 3156 y
271 3060 362 3126 creti
377 3055 524 3126 conditio
546 3059 659 3151 aperte
680 3076 856 3152 repugnat.
901 3059 1053 3127 Eubulus
1068 3061 1171 3154 igitur
1191 3063 1231 3146 is,
1255 3066 1319 3158 qui

267 3165 307 3231 in
320 3161 453 3230 decreto
466 3164 621 3245 occurrit,
635 3181 698 3230 aut
710 3163 830 3231 morbo
842 3164 1022 3254 impeditus
1041 3184 1089 3232 est
1102 3166 1143 3230 ab
1158 3165 1319 3236 obeunda

268 3265 445 3360 legatione,
469 3285 526 3334 aut
548 3265 695 3340 diversus
713 3286 762 3335 est
784 3264 943 3345 acelebri
964 3267 1025 3335 illo
1041 3268 1187 3352 Eubulo,
1209 3295 1321 3362 quem

266 3390 427 3465 provocat
441 3372 622 3440 Aeschines
644 3374 681 3437 in
704 3395 753 3439 or.
776 3370 819 3438 de
841 3365 927 3439 mele
944 3389 1034 3465 gesta
1055 3371 1232 3465 legatione,
1259 3395 1320 3445 aut

268 3479 387 3572 quovis
410 3474 474 3544 alio
497 3475 598 3544 modo
621 3477 659 3542 in
681 3472 854 3542 decretum
876 3476 1022 3569 irrepsit

353 3578 504 3650 Alteram
527 3579 755 3648 difficultatem
776 3583 899 3646 excitat
919 3577 940 3664 ἦ
963 3581 1072 3670 πρώτη
1095 3583 1250 3670 ἐκκλησία,
1278 3587 1319 3654 in

266 3705 335 3780 qua
354 3711 418 3782 pax
440 3705 518 3752 cum
540 3682 698 3777 Philippo
721 3681 854 3752 decreta
867 3681 993 3762 dicitur
1007 3709 1087 3753 esse.
1131 3687 1203 3754 Hac
1220 3691 1315 3756 enim

265 3807 347 3859 voce
374 3789 548 3865 manifesto
576 3787 784 3882 significatam
816 3789 932 3856 concio
959 3791 1072 3882 prima
1105 3815 1145 3858 ex
1168 3810 1312 3885 quatuor

265 3897 355 3962 statis
376 3899 414 3962 in
436 3913 570 3990 (suaque
591 3893 748 3987 prytanin
769 3892 982 3960 comitiorum
1009 3890 1137 3960 diebus.
1181 3895 1316 3962 Praesi-

143 4023 148 4066 :
187 4009 189 4014 '
216 4035 221 4050 ·
266 3997 366 4066 debat
387 4017 514 4080 autem,
543 4019 611 4089 quo
633 4015 784 4090 tempore
807 3993 849 4063 de
870 4019 953 4088 pace
973 3996 1117 4064 Athenis
1139 3999 1316 4089 agebatur,

265 4105 304 4172 ln
340 4119 455 4172 senatu
488 4101 594 4170 tribus
624 4099 824 4182 Pandionis,
864 4099 901 4166 id
936 4099 1030 4193 quod
1060 4119 1135 4170 tum
1165 4125 1203 4170 ex
1236 4105 1316 4198 ipso
