2750 4772
531 269 689 384 2⁶33-

77 443 209 530 tipicis,
228 445 268 526 ‘th'
288 441 307 510 a‘
331 445 421 524 πόλις
442 445 506 530 ἔχοι
518 441 681 514 tactuve
696 441 849 532 coiunta,
862 451 935 532 παρ’
957 442 1001 518 ὧν
1019 451 1130 542 ἤμελλᾳ

78 555 151 616 τῶν
173 549 379 632 &reinnerus
406 551 499 637 λόγον
526 549 761 636 ἀπολήψεσθαι,
805 553 850 620 Et
877 549 1020 637 decreta,
1042 579 1130 648 quae

80 653 229 720 recitare
262 655 422 721 contiuuo
452 655 595 721 scribam
616 653 726 734 iubet,
752 651 844 746 patet
865 655 1004 724 alterum
1026 661 1130 750 ipsius

81 756 324 824 Demosthenis
354 781 423 824 esse
445 755 487 824 de
510 755 661 824 creandis
685 759 838 852 tributim
860 773 1056 844 τειχοποιοῒς,
1089 787 1130 830 ex

83 884 156 952 quo
197 859 438 928 Demosthenes
470 861 542 953 ipse
574 859 845 972 Scirophorionis
872 864 911 931 «11
948 865 1001 932 vel
1031 867 1082 934 111
1110 893 1129 934 a
1234 889 1236 892 ·

82 965 180 1031 uihu
205 988 264 1030 sna
300 967 473 1031 moenium
504 983 636 1032 curator
667 969 879 1048 constitutus,
895 985 958 1050 est,
995 993 1031 1036 ex
1058 993 1127 1062 quo

61 1070 190 1136 -etiam
218 1068 400 1134 Aeschines
423 1067 518 1135 illam
540 1071 699 1161 temporis
727 1073 932 1140 notationem
953 1072 1127 1141 manifesto

83 1171 289 1262 desumpsit,
312 1170 455 1238 alterum
488 1191 597 1250 autem
621 1174 847 1266 Ctesiphontis
870 1174 912 1240 de
935 1176 1127 1246 coronando

82 1277 323 1372 Demosthene,
346 1293 384 1343 nt
405 1278 556 1369 utrisque
578 1302 691 1344 secum
721 1275 847 1344 collatis
877 1277 1044 1346 iudicibus
1066 1306 1127 1372 pa-

83 1381 194 1462 tefiat,
227 1380 345 1448 ultimo
383 1382 463 1445 anni
493 1405 607 1448 mense
638 1381 900 1472 Scirophorione
931 1383 1135 1450 Demosthe-v

83 1511 167 1552 nem
199 1510 218 1550 a
247 1485 334 1550 tribu
362 1499 419 1550 sua·
450 1484 622 1569 τειχοποιόν
655 1501 801 1552 creatum
832 1509 921 1566 esse,
954 1504 1125 1554 ettmense

84 1592 153 1656 iam
174 1588 384 1680 insequentis
416 1589 496 1652 anni
525 1606 643 1678 quarto
667 1590 896 1680 Pyauepsione
925 1590 1126 1682 Ctesiphon·
1215 1587 1216 1590 ¹

84 1701 155 1760 te'm
177 1691 349 1758 decretum
370 1690 412 1758 de
435 1691 625 1759 coronando
649 1693 874 1760 Demosthene
896 1695 1025 1760 senatui
1047 1695 1126 1786 pro-

83 1797 251 1889 posuisse,
280 1797 486 1885 insequentis
509 1797 598 1879 anni,
621 1795 802 1866 contendo:
847 1821 925 1862 nam
952 1799 1125 1863 moenium

85 1898 350 1967 reficiendorum
382 1923 460 1965 cura
488 1917 620 1992 praeter
648 1899 801 1968 ordinem
824 1900 972 1992 quidem,
997 1903 1124 1994 quippe
1151 1911 1154 1914 '
1219 1987 1222 1998 Ι

85 2028 148 2096 pro
171 2011 234 2070 usn
257 2021 290 2069 et
311 2005 512 2086 necessitate,
536 2002 807 2086 demandabatur‚
832 2022 864 2070 et
886 2005 1030 2095 spatium
1053 2006 1123 2070 cius

86 2108 217 2199 legibus
239 2124 397 2174 statutum
427 2131 497 2200 non
529 2107 639 2178 suerit.
683 2110 839 2174 Attamen
866 2107 952 2174 ultra
974 2131 1124 2174 annuum

87 2213 231 2304 spatium
251 2213 426 2304 prorogari
450 2236 523 2277 eam
538 2235 607 2278 non
621 2213 777 2303 potuisse,
800 2214 865 2278 nisi
884 2236 969 2280 novo
993 2209 1124 2288 delectu
1186 2267 1188 2274 .

86 2317 211 2396 habito,
244 2340 285 2381 ex
314 2317 473 2383 institutis
503 2319 554 2381 rei
583 2316 738 2407 publicae
759 2315 974 2398 Atheniensis
1005 2315 1121 2404 liquet.
1177 2329 1179 2334 '

86 2419 381 2512 Verunt‘enimver'o
415 2419 596 2486 Aeschines
637 2445 684 2486 or.
715 2420 752 2484 in
791 2421 878 2486 Ctes.
906 2418 928 2484 l.
959 2443 987 2484 c.
1015 2443 1121 2509 quum

88 2525 349 2616 Scirophorione
378 2523 638 2590 Demosthenem
665 2522 838 2606 τειχοποιόν
868 2523 990 2606 factum
1012 2541 1122 2589 osten-

89 2629 152 2709 dat,
174 2652 237 2692 nec
261 2626 446 2719 quidquam
466 2626 551 2692 ultra
586 2627 715 2707 afferet,
750 2625 972 2694 sedrecitatis
999 2624 1121 2694 so'lum-
1170 2691 1171 2696 ,

87 2731 185 2800 modo
209 2730 337 2798 dnobus
360 2731 521 2816 decretis,
549 2731 782 2800 Demosthenis
809 2730 852 2796 de
874 2729 1023 2798 creandis
1045 2755 1121 2796 mu·

87 2859 201 2903 rorum
222 2837 439 2918 curatoribus,
463 2828 689 2926 Ctesiphontis
717 2834 759 2900 de
783 2833 972 2902 coronando
995 2835 1121 2905 Dento-

12 3003 21 3020 ,
89 2941 212 3021 sthene,
234 2957 417 3006 monstrare
441 2937 636 3020 contendat,
665 2957 741 3004 ante
761 2937 878 3016 relatas
899 2940 1044 3006 muneris
1066 2963 1121 3006 re·
1168 2969 1169 2972 ¹

88 3047 193 3112 tiones
220 3043 480 3109 Demosthenem
507 3065 576 3111 esse
615 3069 634 3108 a
663 3041 879 3132 Ctesiphonte
912 3059 1117 3124 coronatum,
1168 3119 1170 3123 ,

89 3149 126 3215 id
144 3165 240 3218 certe
269 3147 456 3236 significate
483 3143 566 3226 vult,
602 3147 700 3211 inter·
719 3163 904 3236 susceptam
938 3169 958 3214 a
994 3145 1119 3212 Demo·

91 3255 203 3342 sthene
243 3251 416 3317 moenium
447 3248 711 3316 reficiendorum
749 3273 863 3316 curam
893 3267 927 3316 et
951 3249 1074 3316 ,latum
1100 3275 1119 3316 a

90 3343 304 3448 Ctesiphonte
327 3354 498 3420 decretum
518 3354 654 3420 nonnisi
675 3353 775 3420 hreve
787 3371 931 3446 quatuor
951 3354 1120 3420 mensium

87 3462 228 3552 spatium
249 3459 330 3526 inde
351 3484 370 3524 a
392 3457 651 3550 Scirophorione
673 3481 780 3548 usque
801 3455 844 3524 ad
855 3457 1119 3552 Pyanepsionem

87 3566 326 3642 intercessisse,
360 3587 464 3656 quum
496 3560 680 3626 differenda
701 3561 816 3628 fuisset
835 3564 982 3654 rogatio,
1010 3558 1118 3637 donec

89 3687 226 3736 exeunte
260 3691 347 3735 anno
380 3666 634 3750 Demosthenes,
670 3664 820 3757 deposito
850 3687 1007 3747 munere,
1046 3664 1117 3730 eius

90 3775 185 3842 etiam
206 3773 349 3838 rationes
369 3768 545 3838 retulisset.

172 3879 290 3967 Itaque
312 3875 491 3941 Aeschines
513 3874 550 3939 in
572 3874 722 3954 oratione
738 3873 1000 3940 Demosthenem
1012 3872 1120 3940 Chae-

90 3979 191 4050 ronda
221 3979 381 4048 archonte
412 4001 527 4046 mense
560 3976 834 4070 Scirophorione,
858 3975 994 4071 Olymp.
1018 3978 1133 4068 igitur

93 4085 167 4169 CX,
195 4085 218 4156 3
251 4101 330 4152 exn.
356 4082 534 4170 ’τειχοποιόν
565 4106 637 4150 esse
675 4097 822 4180 creatum
851 4079 961 4149 docet.r
1009 4081 1121 4172 Atque
