2706 4782
495 315 654 418 j}-

39 496 154 549 totam
177 477 409 547 defensionem
431 482 477 547 ita
499 481 722 574 persequitur,
747 493 786 546 ut
804 500 844 546 ex
864 473 1101 572 suareipuhli-

38 610 106 653 cae
141 586 381 678 procuratione
417 609 584 678 egressus,
617 607 693 652 eam
723 581 854 654 duobus
881 581 967 650 locis
995 582 1102 648 inter-
1134 615 1137 622 ⁴

37 707 188 782 ruptam
215 713 331 756 rursus
358 706 506 782 repetat,
536 705 570 756 et
600 687 645 755 ad
672 677 778 757 finem
804 709 911 781 usque
938 686 1100 755 orationis

36 791 222 887 perducat,
244 791 284 860 id
304 817 405 886 agens
426 793 571 886 ubique,
601 809 640 860 ut
661 792 706 860 ad
735 817 809 860 eam
830 809 1002 882 tamquam
1022 789 1103 860 univ

42 923 128 967 cam
160 897 298 967 actionis
333 900 508 967 materiam
543 894 698 966 iudicum
733 896 863 963 animus
893 891 1102 976 intendatur,

40 1027 115 1096 per
136 991 279 1098 eamque
302 999 363 1080 ,vel
384 999 462 1071 odio
490 999 672 1069 adversarii
700 1015 928 1095 exasperatus,
955 997 1010 1068 vel
1031 1023 1103 1066 ma·
1161 999 1165 1008 ’
1199 1037 1209 1062 t

43 1107 167 1175 lorum
195 1107 335 1174 civitatis
364 1104 599 1175 recordatione
626 1123 811 1176 commotus
840 1103 1008 1198 reliquam
1036 1104 1103 1170 Ae-

46 1211 183 1279 schinis
205 1211 461 1293 accusationem,
485 1209 698 1303 Ctesiphonti
719 1210 903 1291 intentam,
936 1205 1104 1276 oblivione

47 1317 190 1398 obruat,
220 1317 258 1385 in
286 1305 392 1408 eaqhe
420 1314 600 1409 paullatim
627 1314 790 1408 opinione
823 1311 992 1395 considat,
1019 1328 1108 1380 um«

49 1445 159 1516 quam
185 1443 255 1487 non
284 1417 328 1486 de
351 1408 688 1513 Ctesiphonte'iam,
712 1418 773 1486 sed
806 1416 849 1486 de
875 1416 1105 1486 Demosthene

52 1519 184 1617 agatur,
205 1547 276 1592 non
300 1522 342 1592 de
364 1547 489 1593 corona
511 1524 576 1592 civi
598 1522 788 1606 tribuenda,
810 1521 871 1591 sed
892 1519 935 1590 de
949 1515 1106 1614 compro-

51 1625 178 1696 bandis
200 1627 478 1720 reprobrandisve
508 1627 659 1697 consiliis
681 1627 738 1708 iis,
773 1627 894 1718 qtribus
923 1627 1107 1694 imminen-

58 1751 127 1802 tem
147 1733 214 1802 sibi
235 1733 475 1824 universaeque
499 1730 659 1800 Graeciae
678 1733 814 1800 ruinam
836 1748 904 1802 tota
921 1731 1035 1801 civitas
1058 1729 1109 1798 ef·⁴
1227 1777 1232 1786 .

62 1837 171 1930 l'ugere
194 1835 369 1930 quondam
390 1854 508 1904 conata
530 1837 583 1904 sit.

144 2045 251 2114 Nobis
286 2046 390 2138 igitur
426 2045 471 2112 ad
510 2044 604 2138 qnod
636 2046 851 2140 potissimum
888 2042 1105 2126 tendendum,

58 2175 145 2244 quae
167 2152 210 2248 sit
231 2150 359 2242 optima
387 2147 614 2243 dispositionis
640 2152 726 2219 ratio
753 2148 1002 2243 amplectenda,
1029 2150 1107 2217 satis

58 2252 142 2322 inde
170 2271 317 2348 apparet.
376 2255 524 2323 Maxima
554 2256 646 2324 enim
676 2279 754 2349 pars
781 2279 896 2322 rerum
929 2271 1109 2346 gestarum,

60 2385 148 2452 quac
170 2360 206 2425 in
228 2381 276 2426 or.
300 2357 433 2428 decor.
455 2358 659 2442 reseruntur,
681 2359 726 2426 ad
745 2360 853 2453 ipsam
872 2358 1108 2428 Demosthenis
1203 2355 1208 2367 '

61 2461 268 2554 reipublicae
301 2461 627 2531 administrationem
653 2465 815 2558 pertinet,
848 2479 888 2530 ut
920 2486 1006 2555 qnae
1023 2462 1109 2546 „sere

65 2567 164 2634 unica
185 2585 233 2636 est
253 2567 412 2635 orationis
434 2570 583 2636 materia.
628 2567 725 2636 Hanc
749 2568 852 2660 igitur
879 2584 1049 2660 tamquam
1071 2568 1111 2634 in

62 2670 175 2739 medio
198 2672 299 2741 totius
320 2689 452 2741 nostrae
467 2670 703 2765 disputationis
724 2671 918 2765 ponendam
939 2693 1010 2740 esse
1030 2693 1112 2764 per·

62 2777 221 2869 spicuum
242 2793 301 2844 est.
345 2777 430 2844 Eam
457 2777 577 2846 eodem
607 2775 727 2848 ordine
747 2797 1007 2871 persequemur,
1033 2799 1110 2866 ¹quo

61 2879 221 2974 publicae
243 2905 320 2949 suae
337 2880 634 2950 administrationis
656 2883 902 2951 enarrationem
916 2897 1026 2950 orator
1038 2881 1112 2972 ipse

62 2988 235 3078 transegit
278 2987 429 3055 Accessit
450 2987 693 3056 Demosthenes
715 2985 759 3055 ad
772 2983 977 3080 reipublicae
990 2985 1115 3076 guber-

61 3088 186 3158 nacula
209 3089 350 3184 Olymp.
374 3091 453 3160 CVI
486 3115 515 3159 a.
538 3093 570 3161 3.
614 3091 688 3162 Hoc
709 3092 803 3160 enim
824 3113 912 3160 anno
925 3091 1113 3160 orationem

63 3194 109 3262 de
132 3193 331 3288 Symmoriis
363 3194 497 3279 hahuit,¹
528 3221 632 3291 Qum
660 3199 849 3265 orationum
879 3197 950 3264 eius
980 3194 1024 3263 ad
1044 3195 1114 3262 rei-

62 3299 226 3394 publicae
251 3302 526 3393 procurationem
554 3303 779 3395 spectantium
815 3304 963 3397 primam
1000 3299 1114 3383 fuisse,

66 3422 186 3472 auctor
208 3422 258 3472 est
279 3403 549 3498 Dionysiuslial.
571 3409 609 3473 in
626 3407 721 3500 epist
744 3404 787 3474 ad
807 3408 1008 3474 Aminaeum
1027 3406 1058 3496 S.
1080 3403 1115 3490 4.
1204 3410 1206 3414 ’

66 3506 138 3576 Sed
166 3509 204 3574 in
234 3509 383 3578 oratione
417 3509 460 3578 de
493 3533 562 3578 cor.
596 3511 638 3578 ab
672 3534 762 3580 anno
798 3510 937 3580 demum
973 3511 1115 3604 Olymp.
1184 3567 1187 3584 .

71 3613 202 3695 cvlll,
232 3637 251 3680 a
287 3615 471 3705 egreditur,
501 3638 567 3707 quo
593 3617 705 3707 prima
736 3642 805 3711 pax
834 3636 884 3686 est
915 3614 1116 3709 Philippum

4 3781 5 3784 ,
68 3717 161 3783 inter
190 3735 224 3784 et
245 3718 468 3786 Athenienses
485 3723 688 3812 composita.
738 3723 793 3789 Ab
818 3721 887 3790 'hoe
919 3723 1010 3790 enim
1032 3739 1117 3788 tam-

4 3847 5 3856 *
66 3845 175 3915 quiam
203 3823 315 3914 primo
344 3825 489 3891 termino
512 3825 695 3893 Aeschines
720 3833 782 3910 (or.
809 3827 847 3894 in
870 3826 959 3894 Ctes.
986 3852 1021 3920 p.
1048 3826 1117 3909 62.)

66 3925 113 3992 ad
144 3926 373 3998 insectandam
394 3928 629 4018 Demosthenis
658 3929 829 4026 publicam
855 3931 1118 4000 administratio-

4 4085 5 4092 ,
67 4055 151 4099 nem
187 4033 335 4122 assurgit.
398 4031 481 4100 Inde
523 4059 657 4104 exorsus
693 4037 933 4106 Demosthenes
973 4057 1059 4133 quae
1098 4060 1118 4102 a
