2750 4772
663 248 914 354 „an-x
1336 219 1339 304 r

223 425 294 512 3..)
327 419 445 510 Itaque
462 379 687 484 mercenarios
709 416 785 485 illos
809 416 1028 482 Athenienses
1051 433 1084 482 et
1106 405 1265 508 Amphis-

223 523 374 593 sensibus
396 519 524 590 auxilio·
541 523 724 603 miserunt,
759 539 791 588 et
818 522 998 613 proprium
1026 521 1076 600 eis,
1094 519 1269 612 praeisse*

135 681 140 702 ,
223 645 302 694 runt
337 628 581 719 imperatorem.
643 623 744 709 Quod
782 642 873 691 certe
902 642 987 691 ante
1004 617 1265 715 Thuugelionem

1345 1026 1348 1106 l

1347 1113 1349 1196 l

1347 1199 1350 1276 l

1328 1369 1352 1444 i

224 755 373 820 mensem
394 730 517 797 iactum
541 747 609 796 esse
641 753 711 797 non
735 725 871 820 potsse
907 729 991 795 Nam
1025 728 1265 820 Munychicnis

225 834 334 902 adhuc
357 832 412 899 die
435 835 554 901 ultinm
577 834 796 900 Athenienses
826 829 866 898 in·
896 831 1032 899 decreto
1054 830 1265 898 deinduciis

227 942 259 1006 ΙΙ
280 937 342 1028 (de
362 929 429 1007 cor.¹
452 965 487 1030 p.
510 941 586 1020 282)
615 937 776 1029 Philippo
800 935 1025 1003 declararunt:
1055 935 1187 1023 καὶγὰρ
1209 942 1267 1002 νῦν

225 1044 263 1110 οὗ
295 1043 410 1131 κέκρικε
437 1049 569 1126 βοηθεῖν
605 1039 639 1132 [ὅ
677 1041 791 1132 δῆμος]
829 1044 862 1108 ἓν
891 1037 990 1106 uideri
1024 1047 1088 1106 τῶν
1122 1041 1267 1128 μετρίων.

226 1145 322 1214 Nihil
355 1147 459 1238 igitur
493 1145 666 1237 hucusque
704 1145 746 1212 ab
781 1145 1041 1211 Atheniensibus
1077 1159 1270 1236 susceptum

227 1268 313 1331 eret,
337 1249 429 1342 quod
451 1247 608 1341 Philippo
641 1249 761 1316 iustam
789 1243 832 1314 ad
864 1248 995 1315 bellum
1020 1269 1141 1315 ansam
1169 1271 1270 1340 prae·

225 1355 367 1437 buisset,
400 1378 512 1446 neque
542 1352 720 1445 Philippus
748 1355 786 1427 in
814 1375 990 1446 responso,
1019 1351 1062 1418 ad
1094 1349 1270 1419 decretum

228 1455 317 1524 illud
339 1457 430 1538 dato,
453 1454 713 1524 Atheniensibus
742 1454 906 1557 eiusmodi
936 1458 1122 1550 quidquam
1150 1477 1270 1547 enpro-

227 1568 311 1629 brut.
357 1563 450 1644 Quae
473 1575 586 1654 quum'
599 1563 645 1628 ita
667 1563 744 1642 sint,
768 1585 974 1654 consequens
998 1577 1056 1642 est,
1078 1577 1116 1627 ut
1138 1559 1271 1651 Philip-
1353 1637 1354 1640 Ἴ

227 1690 309 1759 pus,
340 1691 446 1757 quum
476 1685 572 1755 capta
600 1666 714 1732 Elatea
740 1667 804 1732 iter
831 1653 896 1732 sibi
911 1707 915 1714 ·
931 1689 994 1757 per
1019 1663 1202 1732 Phocidem
1230 1666 1271 1730 in
1354 1715 1355 1718 ,

227 1772 398 1838 Boeotiam
421 1788 455 1836 et
475 1773 620 1838 Atticam
644 1771 832 1863 aperuisset
848 1771 1166 1861 communissetqne,
1197 1785 1272 1834 tum
1356 1830 1357 1876 1

229 1872 365 1940 demum
388 1878 549 1944 continuo
572 1875 727 1940 adversus
745 1873 996 1966 Amphissenses
1019 1875 1168 1968 primum
1187 1895 1273 1964 pro·
1357 1919 1358 1964 t

228 1979 369 2070 pererit,
400 1979 521 2070 quibus
555 1981 629 2044 ante
664 1981 831 2070 oppressis
863 1971 1061 2070 congregato
1092 1981 1129 2043 in
1164 2001 1272 2044 uuum
1358 2010 1359 2036 t

231 2084 323 2149 omni
346 2083 492 2147 exercitu
514 2081 642 2148 facilius
666 2082 845 2148 Thebanos
873 2099 906 2147 et
926 2082 1147 2154 Athenienses
1162 2106 1271 2174 supe·
1359 2098 1360 2138 t

229 2203 380 2251 naturum
404 2209 439 2251 se
450 2211 519 2252 esse
534 2187 695 2278 sperabat.
742 2187 851 2268 Quam
874 2187 917 2254 ob
939 2209 1011 2252 rem
1023 2209 1128 2278 quum
1140 2183 1272 2259 Plutar-

231 2289 312 2358 chus
339 2292 400 2356 ἐπεὶ
434 2291 603 2371 Φίλιππος,
645 2292 704 2368 ait,
729 2287 804 2378 ὠκὺ
834 2297 890 2376 τῆς
916 2293 985 2378 περὶ
1013 2291 1072 2376 τὴν
1091 2291 1271 2378 Ἄμφισσαν

231 2393 371 2478 εὐτυχίας
392 2395 608 2481 ἐπαιρόμενος,
641 2399 684 2472 είς
705 2395 762 2480 τὴν
784 2395 944 2461 Ἐλάτειαν
971 2397 1116 2483 ἐξαίφνης
1150 2395 1271 2460 ἐνέπεσε

230 2498 361 2583 uulsis·
385 2501 513 2566 Φωκίδα
536 2502 682 2582 κατέσχεν
704 2501 755 2585 (in
772 2499 944 2565 Demosth.
968 2523 996 2565 c.
1025 2502 1093 2585 18):
1117 2494 1270 2584 in'hiss‘p

231 2604 299 2689 περὶ
330 2603 387 2688 τὴν
407 2603 585 2690 Ἄμφισσαν
614 2605 739 2685 εὐτυχία
773 2621 828 2667 aut
856 2605 1032 2670 excitatum
1060 2600 1272 2669 solummodo

233 2707 274 2770 ab
313 2704 616 2795 Amphictyonibus
651 2703 776 2770 bellum
827 2705 982 2777 adversus
1017 2705 1272 2798 Amphissenses

233 2809 424 2898 significat,.
440 2826 497 2873 aut
523 2811 551 2873 si
585 2811 687 2874 victos
711 2833 729 2872 a
752 2807 911 2899 Philippo
934 2809 1196 2899 Amphissenses,
1219 2833 1274 2875 er-

233 2903 321 2978 russ'e
344 2908 563 2979 Plutarchum
584 2910 796 2977 statuendum
829 2930 886 2978 est.
932 2912 994 2978 Res
1023 2917 1115 2981 enim
1134 2936 1173 2979 re
1195 2937 1275 2981 vera

235 3017 286 3081 ita·
301 3039 337 3080 se
358 3013 510 3082 habuisse
538 3015 679 3086 ridetur.
732 3014 948 3084 Philochorus
977 3018 1045 3111 (ap.
1076 3019 1217 3111 Dionys.
1249 3017 1273 3086 l.

236 3144 262 3186 c.
287 3119 316 3206 §.
347 3128 395 3203 ιι)
417 3145 484 3186 una
507 3145 583 3188 cum
613 3119 725 3188 Elatea
751 3119 953 3216 'Philippum
981 3147 1156 3214 occupasse
1178 3124 1275 3216 *Cyti-

236 3225 332 3291 ntum
358 3223 475 3305 refert,
506 3232 622 3292 urbem
650 3227 827 3306 Doricam,
861 3250 897 3290 ex
932 3251 998 3318 qua
1030 3251 1097 3293 una
1120 3245 1275 3321 exparte

210 3335 212 3338 ’
236 3328 300 3392 iter
313 3329 358 3392 in
380 3327 561 3396 Phocidem
584 3327 737 3411 ducebat,
760 3354 800 3396 ex
822 3328 927 3396 altera
949 3330 993 3396 ad
1003 3331 1274 3414 Locrostolas,

156 3445 158 3450 ’
237 3427 419 3500 seeundum
447 3431 601 3523 Thucyd.
637 3433 702 3512 111,
732 3436 786 3520 95.
842 3433 1017 3527 Philippus
1046 3436 1150 3525 igitur
1177 3453 1276 3532 capta

237 3536 507 3630 commonitoque
538 3535 652 3605 Elatea
681 3559 757 3601 cum
793 3539 951 3606 exercitus
980 3535 1075 3632 purte
1110 3539 1276 3610 Doridem

237 3639 404 3728 ingressus
433 3640 609 3736 Cytinium
638 3642 826 3732 occupavit,
860 3659 898 3707 ut
926 3643 1006 3709 inde
1036 3645 1196 3712 Parnasso
1231 3643 1276 3710 ad

143 3817 146 3833 ι
238 3736 363 3813 laevam
384 3743 503 3815 relicto
525 3743 680 3816 adversus
692 3746 943 3837 Amphissenses
958 3746 1163 3838 procederet.
1209 3749 1275 3816 liic

238 3847 340 3912 victis-
366 3845 651 3939 pessumdatisque
686 3853 901 3918 mercenariis
934 3849 1023 3933 illis,
1063 3851 1172 3920 solum
1197 3855 1275 3920 tam

241 3973 316 4026 eum
344 3952 610 4021 Atheniensibus
641 3954 876 4048 Thebanisque
909 3973 1075 4023 certamen
1103 3957 1276 4050 reliquum

241 4073 336 4126 csso·
366 4055 478 4153 [taque
506 4057 699 4156 tuncjam,
730 4059 796 4128 illis
825 4060 984 4128 tenaciter
1015 4061 1053 4128 in
1080 4058 1169 4130 bello
1197 4087 1287 4155 per--
