<?xml version="1.0" encoding="UTF-8"?>
<!DOCTYPE html PUBLIC "-//W3C//DTD XHTML 1.0 Transitional//EN"
    "http://www.w3.org/TR/xhtml1/DTD/xhtml1-transitional.dtd">
<html xmlns="http://www.w3.org/1999/xhtml" xml:lang="en" lang="en">
 <head>
  <title>
</title>
<meta http-equiv="Content-Type" content="text/html;charset=utf-8" />
  <meta name='ocr-system' content='tesseract 3.04.00' />
  <meta name='ocr-capabilities' content='ocr_page ocr_carea ocr_par ocr_line ocrx_word'/>
</head>
<body>
  <div class='ocr_page' id='page_1' title='image "./francisciwiniew00winigoog_0049.png"; bbox 0 0 2706 4782; ppageno 0'>
   <div class='ocr_carea' id='block_1_1' title="bbox 744 221 794 308">
    <p class='ocr_par' dir='ltr' id='par_1_1' title="bbox 744 221 794 308">
     <span class='ocr_line' id='line_1_1' title="bbox 744 221 794 308; baseline 0.02 -1"><span class='ocrx_word' id='word_1_1' title='bbox 744 221 794 308; x_wconf 75' lang='lat' dir='ltr'><strong>aa·</strong></span> 
     </span>
    </p>
   </div>
   <div class='ocr_carea' id='block_1_2' title="bbox 244 410 1310 508">
    <p class='ocr_par' dir='ltr' id='par_1_2' title="bbox 244 410 1310 508">
     <span class='ocr_line' id='line_1_2' title="bbox 244 410 1310 508; baseline 0.001 -29"><span class='ocrx_word' id='word_1_2' title='bbox 244 413 418 508; x_wconf 83' lang='lat' dir='ltr'><strong>praeteriti</strong></span> <span class='ocrx_word' id='word_1_3' title='bbox 440 410 558 479; x_wconf 82' lang='lat' dir='ltr'><strong>factam</strong></span> <span class='ocrx_word' id='word_1_4' title='bbox 573 412 610 479; x_wconf 89' lang='lat' dir='ltr'><strong>in</strong></span> <span class='ocrx_word' id='word_1_5' title='bbox 629 413 798 504; x_wconf 74' lang='lat' dir='ltr'><strong>sequsmtis</strong></span> <span class='ocrx_word' id='word_1_6' title='bbox 810 412 946 480; x_wconf 86' lang='lat' dir='ltr'><strong>initium</strong></span> <span class='ocrx_word' id='word_1_7' title='bbox 958 411 1143 491; x_wconf 80' lang='lat' dir='ltr'><strong>conferens.</strong></span> <span class='ocrx_word' id='word_1_8' title='bbox 1191 415 1310 500; x_wconf 88' lang='lat' dir='ltr'><strong>Quod</strong></span> 
     </span>
    </p>
   </div>
   <div class='ocr_carea' id='block_1_3' title="bbox 140 513 1310 608">
    <p class='ocr_par' dir='ltr' id='par_1_3' title="bbox 140 513 1310 608">
     <span class='ocr_line' id='line_1_3' title="bbox 140 513 1310 608; baseline 0.001 -24"><span class='ocrx_word' id='word_1_9' title='bbox 140 557 143 561; x_wconf 74' lang='lat'><em>,</em></span> <span class='ocrx_word' id='word_1_10' title='bbox 246 516 368 584; x_wconf 88' lang='lat' dir='ltr'><strong>deinde</strong></span> <span class='ocrx_word' id='word_1_11' title='bbox 391 517 547 582; x_wconf 86' lang='lat' dir='ltr'><strong>successit</strong></span> <span class='ocrx_word' id='word_1_12' title='bbox 568 513 706 597; x_wconf 88' lang='lat' dir='ltr'><strong>bellum,</strong></span> <span class='ocrx_word' id='word_1_13' title='bbox 730 533 894 608; x_wconf 87' lang='lat' dir='ltr'><strong>quatenus</strong></span> <span class='ocrx_word' id='word_1_14' title='bbox 917 534 1005 584; x_wconf 89' lang='lat' dir='ltr'><strong>terra</strong></span> <span class='ocrx_word' id='word_1_15' title='bbox 1028 518 1231 608; x_wconf 85' lang='lat' dir='ltr'><strong>gerebatur,¹</strong></span> <span class='ocrx_word' id='word_1_16' title='bbox 1271 523 1310 585; x_wconf 90' lang='lat' dir='ltr'><strong>in</strong></span> 
     </span>
    </p>
   </div>
   <div class='ocr_carea' id='block_1_4' title="bbox 242 619 1310 932">
    <p class='ocr_par' dir='ltr' id='par_1_4' title="bbox 242 619 1310 932">
     <span class='ocr_line' id='line_1_4' title="bbox 242 619 1310 717; baseline 0.002 -29"><span class='ocrx_word' id='word_1_17' title='bbox 242 623 308 690; x_wconf 88' lang='lat' dir='ltr'><strong>hoc</strong></span> <span class='ocrx_word' id='word_1_18' title='bbox 330 619 544 688; x_wconf 86' lang='lat' dir='ltr'><strong>Deceleicum</strong></span> <span class='ocrx_word' id='word_1_19' title='bbox 560 619 901 692; x_wconf 80' lang='lat' dir='ltr'><strong>Lacedaemoniorum</strong></span> <span class='ocrx_word' id='word_1_20' title='bbox 924 619 1097 688; x_wconf 89' lang='lat' dir='ltr'><strong>castellum</strong></span> <span class='ocrx_word' id='word_1_21' title='bbox 1120 641 1310 717; x_wconf 83' lang='lat' dir='ltr'><strong>tamquam</strong></span> 
     </span>
     <span class='ocr_line' id='line_1_5' title="bbox 246 723 1308 824; baseline 0.001 -31"><span class='ocrx_word' id='word_1_22' title='bbox 246 725 403 794; x_wconf 85' lang='lat' dir='ltr'><strong>collatum</strong></span> <span class='ocrx_word' id='word_1_23' title='bbox 431 723 617 793; x_wconf 86' lang='lat' dir='ltr'><strong>videbatur.</strong></span> <span class='ocrx_word' id='word_1_24' title='bbox 670 724 746 806; x_wconf 89' lang='lat' dir='ltr'><strong>Quo</strong></span> <span class='ocrx_word' id='word_1_25' title='bbox 777 723 901 792; x_wconf 88' lang='lat' dir='ltr'><strong>factum</strong></span> <span class='ocrx_word' id='word_1_26' title='bbox 930 744 994 824; x_wconf 84' lang='lat' dir='ltr'><strong>est,</strong></span> <span class='ocrx_word' id='word_1_27' title='bbox 1024 742 1062 790; x_wconf 92' lang='lat' dir='ltr'><strong>ut</strong></span> <span class='ocrx_word' id='word_1_28' title='bbox 1091 725 1231 819; x_wconf 90' lang='lat' dir='ltr'><strong>reliqua</strong></span> <span class='ocrx_word' id='word_1_29' title='bbox 1270 730 1308 794; x_wconf 89' lang='lat' dir='ltr'><strong>in</strong></span> 
     </span>
     <span class='ocr_line' id='line_1_6' title="bbox 242 827 1309 932; baseline 0.002 -36"><span class='ocrx_word' id='word_1_30' title='bbox 242 833 361 932; x_wconf 87' lang='lat' dir='ltr'><strong>primis</strong></span> <span class='ocrx_word' id='word_1_31' title='bbox 382 827 464 894; x_wconf 89' lang='lat' dir='ltr'><strong>belli</strong></span> <span class='ocrx_word' id='word_1_32' title='bbox 488 827 765 921; x_wconf 84' lang='lat' dir='ltr'><strong>Peloponnesiaci</strong></span> <span class='ocrx_word' id='word_1_33' title='bbox 787 854 875 922; x_wconf 88' lang='lat' dir='ltr'><strong>pars,</strong></span> <span class='ocrx_word' id='word_1_34' title='bbox 901 847 975 896; x_wconf 89' lang='lat' dir='ltr'><strong>tum</strong></span> <span class='ocrx_word' id='word_1_35' title='bbox 996 853 1073 896; x_wconf 88' lang='lat' dir='ltr'><strong>vero</strong></span> <span class='ocrx_word' id='word_1_36' title='bbox 1096 831 1309 900; x_wconf 89' lang='lat' dir='ltr'><strong>universum</strong></span> 
     </span>
    </p>
   </div>
   <div class='ocr_carea' id='block_1_5' title="bbox 123 931 1307 1007">
    <p class='ocr_par' dir='ltr' id='par_1_5' title="bbox 123 931 1307 1007">
     <span class='ocr_line' id='line_1_7' title="bbox 123 931 1307 1007; baseline 0 -7"><span class='ocrx_word' id='word_1_37' title='bbox 123 943 127 954; x_wconf 94' lang='lat'>&#39;</span> <span class='ocrx_word' id='word_1_38' title='bbox 245 931 350 1002; x_wconf 84' lang='lat' dir='ltr'><strong>etiam¹</strong></span> <span class='ocrx_word' id='word_1_39' title='bbox 376 932 506 1000; x_wconf 84' lang='lat' dir='ltr'><strong>bellum</strong></span> <span class='ocrx_word' id='word_1_40' title='bbox 535 931 705 1000; x_wconf 87' lang='lat' dir='ltr'><strong>Deceleici</strong></span> <span class='ocrx_word' id='word_1_41' title='bbox 733 958 858 1000; x_wconf 90' lang='lat' dir='ltr'><strong>nomen</strong></span> <span class='ocrx_word' id='word_1_42' title='bbox 888 935 1043 1007; x_wconf 82' lang='lat' dir='ltr'><strong>traheret.</strong></span> <span class='ocrx_word' id='word_1_43' title='bbox 1089 935 1190 1002; x_wconf 87' lang='lat' dir='ltr'><strong>Diod.</strong></span> <span class='ocrx_word' id='word_1_44' title='bbox 1215 934 1243 1000; x_wconf 93' lang='lat' dir='ltr'><strong>l.</strong></span> <span class='ocrx_word' id='word_1_45' title='bbox 1274 961 1307 1003; x_wconf 92' lang='lat' dir='ltr'><strong>c.</strong></span> 
     </span>
    </p>
   </div>
   <div class='ocr_carea' id='block_1_6' title="bbox 191 1023 1345 2375">
    <p class='ocr_par' dir='ltr' id='par_1_6' title="bbox 191 1023 1345 2375">
     <span class='ocr_line' id='line_1_8' title="bbox 191 1023 1309 1130; baseline 0 -24"><span class='ocrx_word' id='word_1_46' title='bbox 191 1103 193 1106; x_wconf 86' lang='lat'><strong>.</strong></span> <span class='ocrx_word' id='word_1_47' title='bbox 245 1023 353 1106; x_wconf 78' lang='lat' dir='ltr'><strong>Thuc.</strong></span> <span class='ocrx_word' id='word_1_48' title='bbox 379 1037 452 1118; x_wconf 85' lang='lat' dir='ltr'><strong>Vll,</strong></span> <span class='ocrx_word' id='word_1_49' title='bbox 475 1061 517 1126; x_wconf 82' lang='lat'><strong>27</strong></span> <span class='ocrx_word' id='word_1_50' title='bbox 545 1037 601 1103; x_wconf 81' lang='grc' dir='ltr'><strong>τὸν</strong></span> <span class='ocrx_word' id='word_1_51' title='bbox 630 1041 663 1104; x_wconf 74' lang='grc' dir='ltr'><strong>ἐκ</strong></span> <span class='ocrx_word' id='word_1_52' title='bbox 683 1041 847 1116; x_wconf 78' lang='grc' dir='ltr'><strong><em>Δεκελείας</em></strong></span> <span class='ocrx_word' id='word_1_53' title='bbox 868 1037 1004 1124; x_wconf 80' lang='grc' dir='ltr'><strong><em>πόλεμον</em></strong></span> <span class='ocrx_word' id='word_1_54' title='bbox 1032 1041 1199 1130; x_wconf 81' lang='lat' dir='ltr'><strong>posterius</strong></span> <span class='ocrx_word' id='word_1_55' title='bbox 1219 1039 1309 1118; x_wconf 70' lang='lat' dir='ltr'><strong>bel-¹</strong></span> 
     </span>
     <span class='ocr_line' id='line_1_9' title="bbox 243 1139 1305 1236; baseline 0.001 -26"><span class='ocrx_word' id='word_1_56' title='bbox 243 1145 317 1236; x_wconf 81' lang='lat' dir='ltr'><strong>lum</strong></span> <span class='ocrx_word' id='word_1_57' title='bbox 354 1139 511 1234; x_wconf 90' lang='lat' dir='ltr'><strong>appellat.</strong></span> <span class='ocrx_word' id='word_1_58' title='bbox 556 1143 608 1208; x_wconf 92' lang='lat' dir='ltr'><strong>De</strong></span> <span class='ocrx_word' id='word_1_59' title='bbox 632 1143 765 1209; x_wconf 89' lang='lat' dir='ltr'><strong>eodem:</strong></span> <span class='ocrx_word' id='word_1_60' title='bbox 789 1142 1054 1226; x_wconf 80' lang='lat' dir='ltr'><strong>„belluminter</strong></span> <span class='ocrx_word' id='word_1_61' title='bbox 1068 1143 1305 1211; x_wconf 87' lang='lat' dir='ltr'><strong>Athenienses</strong></span> 
     </span>
     <span class='ocr_line' id='line_1_10' title="bbox 217 1234 1303 1344; baseline 0 -28"><span class='ocrx_word' id='word_1_62' title='bbox 217 1245 218 1248; x_wconf 26' lang='lat'>¹</span> <span class='ocrx_word' id='word_1_63' title='bbox 243 1234 278 1316; x_wconf 76' lang='lat' dir='ltr'><strong>ct</strong></span> <span class='ocrx_word' id='word_1_64' title='bbox 299 1245 589 1327; x_wconf 87' lang='lat' dir='ltr'><strong>Lacedaemonios,</strong></span> <span class='ocrx_word' id='word_1_65' title='bbox 612 1245 704 1340; x_wconf 78' lang='lat' dir='ltr'><strong>quod</strong></span> <span class='ocrx_word' id='word_1_66' title='bbox 725 1245 986 1318; x_wconf 84' lang='lat' dir='ltr'><strong>Deceleicum</strong></span> <span class='ocrx_word' id='word_1_67' title='bbox 1008 1257 1167 1314; x_wconf 87' lang='lat' dir='ltr'><strong>vocatur“</strong></span> <span class='ocrx_word' id='word_1_68' title='bbox 1185 1251 1303 1344; x_wconf 84' lang='lat' dir='ltr'><strong>Trogi</strong></span> 
     </span>
     <span class='ocr_line' id='line_1_11' title="bbox 195 1341 1303 1445; baseline 0.002 -26"><span class='ocrx_word' id='word_1_69' title='bbox 195 1425 197 1434; x_wconf 61' lang='lat'><strong>.</strong></span> <span class='ocrx_word' id='word_1_70' title='bbox 243 1341 361 1445; x_wconf 88' lang='lat' dir='ltr'><strong>Pomp.</strong></span> <span class='ocrx_word' id='word_1_71' title='bbox 394 1351 524 1441; x_wconf 85' lang='lat' dir='ltr'><strong>Prolog.</strong></span> <span class='ocrx_word' id='word_1_72' title='bbox 553 1348 611 1416; x_wconf 89' lang='lat' dir='ltr'><strong>lib.</strong></span> <span class='ocrx_word' id='word_1_73' title='bbox 634 1351 676 1417; x_wconf 87' lang='lat' dir='ltr'><strong>V.</strong></span> <span class='ocrx_word' id='word_1_74' title='bbox 723 1349 926 1418; x_wconf 87' lang='lat' dir='ltr'><strong>Universum</strong></span> <span class='ocrx_word' id='word_1_75' title='bbox 953 1349 1084 1418; x_wconf 87' lang='lat' dir='ltr'><strong>bellum</strong></span> <span class='ocrx_word' id='word_1_76' title='bbox 1113 1352 1303 1421; x_wconf 87' lang='lat' dir='ltr'><strong>manifesto</strong></span> 
     </span>
     <span class='ocr_line' id='line_1_12' title="bbox 244 1455 1304 1552; baseline 0.004 -30"><span class='ocrx_word' id='word_1_77' title='bbox 244 1457 415 1524; x_wconf 88' lang='lat' dir='ltr'><strong>Deceleici</strong></span> <span class='ocrx_word' id='word_1_78' title='bbox 436 1455 574 1522; x_wconf 87' lang='lat' dir='ltr'><strong>nomine</strong></span> <span class='ocrx_word' id='word_1_79' title='bbox 596 1456 820 1546; x_wconf 85' lang='lat' dir='ltr'><strong>significatum</strong></span> <span class='ocrx_word' id='word_1_80' title='bbox 843 1474 891 1522; x_wconf 89' lang='lat' dir='ltr'><strong>est</strong></span> <span class='ocrx_word' id='word_1_81' title='bbox 918 1481 970 1550; x_wconf 90' lang='lat' dir='ltr'><strong>ap.</strong></span> <span class='ocrx_word' id='word_1_82' title='bbox 995 1457 1161 1524; x_wconf 89' lang='lat' dir='ltr'><strong>Isocr.·in</strong></span> <span class='ocrx_word' id='word_1_83' title='bbox 1191 1457 1304 1552; x_wconf 80' lang='lat' dir='ltr'><strong>Sym-</strong></span> 
     </span>
     <span class='ocr_line' id='line_1_13' title="bbox 243 1559 1345 1654; baseline 0.002 -26"><span class='ocrx_word' id='word_1_84' title='bbox 243 1562 352 1628; x_wconf 89' lang='lat' dir='ltr'><strong>mach.</strong></span> <span class='ocrx_word' id='word_1_85' title='bbox 376 1586 404 1627; x_wconf 91' lang='lat' dir='ltr'><strong>c.</strong></span> <span class='ocrx_word' id='word_1_86' title='bbox 433 1559 481 1645; x_wconf 69' lang='lat'><strong>14,</strong></span> <span class='ocrx_word' id='word_1_87' title='bbox 506 1577 538 1626; x_wconf 90' lang='lat' dir='ltr'><strong>et</strong></span> <span class='ocrx_word' id='word_1_88' title='bbox 559 1559 651 1652; x_wconf 88' lang='lat' dir='ltr'><strong>apud</strong></span> <span class='ocrx_word' id='word_1_89' title='bbox 671 1560 934 1626; x_wconf 83' lang='lat' dir='ltr'><strong>Demosthenem</strong></span> <span class='ocrx_word' id='word_1_90' title='bbox 957 1585 1034 1628; x_wconf 89' lang='lat' dir='ltr'><strong>cum</strong></span> <span class='ocrx_word' id='word_1_91' title='bbox 1055 1561 1131 1644; x_wconf 87' lang='lat' dir='ltr'><strong>hoc,</strong></span> <span class='ocrx_word' id='word_1_92' title='bbox 1155 1559 1198 1628; x_wconf 88' lang='lat' dir='ltr'><strong>de</strong></span> <span class='ocrx_word' id='word_1_93' title='bbox 1220 1587 1297 1654; x_wconf 89' lang='lat' dir='ltr'><strong>quo</strong></span> <span class='ocrx_word' id='word_1_94' title='bbox 1344 1579 1345 1598; x_wconf 67' lang='lat'>¹</span> 
     </span>
     <span class='ocr_line' id='line_1_14' title="bbox 243 1661 1290 1759; baseline -0.001 -27"><span class='ocrx_word' id='word_1_95' title='bbox 243 1669 372 1759; x_wconf 85' lang='lat' dir='ltr'><strong>agimus</strong></span> <span class='ocrx_word' id='word_1_96' title='bbox 405 1664 491 1746; x_wconf 91' lang='lat' dir='ltr'><strong>loco,</strong></span> <span class='ocrx_word' id='word_1_97' title='bbox 516 1683 587 1732; x_wconf 91' lang='lat' dir='ltr'><strong>tum</strong></span> <span class='ocrx_word' id='word_1_98' title='bbox 609 1667 647 1730; x_wconf 90' lang='lat' dir='ltr'><strong>in</strong></span> <span class='ocrx_word' id='word_1_99' title='bbox 670 1661 754 1732; x_wconf 91' lang='lat' dir='ltr'><strong>Mid.</strong></span> <span class='ocrx_word' id='word_1_100' title='bbox 777 1689 811 1758; x_wconf 91' lang='lat' dir='ltr'><strong>p.</strong></span> <span class='ocrx_word' id='word_1_101' title='bbox 837 1667 910 1756; x_wconf 87' lang='lat'><strong>597,</strong></span> <span class='ocrx_word' id='word_1_102' title='bbox 934 1682 967 1731; x_wconf 88' lang='lat' dir='ltr'><strong>et</strong></span> <span class='ocrx_word' id='word_1_103' title='bbox 982 1663 1106 1738; x_wconf 85' lang='lat' dir='ltr'><strong>advers.</strong></span> <span class='ocrx_word' id='word_1_104' title='bbox 1129 1663 1290 1732; x_wconf 88' lang='lat' dir='ltr'><strong>Eubulid.</strong></span> 
     </span>
     <span class='ocr_line' id='line_1_15' title="bbox 242 1769 1296 1865; baseline 0.001 -28"><span class='ocrx_word' id='word_1_105' title='bbox 242 1799 275 1865; x_wconf 90' lang='lat' dir='ltr'><strong>p.</strong></span> <span class='ocrx_word' id='word_1_106' title='bbox 311 1769 407 1856; x_wconf 62' lang='lat'>1304,</span> <span class='ocrx_word' id='word_1_107' title='bbox 438 1771 535 1837; x_wconf 90' lang='lat' dir='ltr'><strong>sicuti</strong></span> <span class='ocrx_word' id='word_1_108' title='bbox 566 1795 617 1862; x_wconf 93' lang='lat' dir='ltr'><strong>ap.</strong></span> <span class='ocrx_word' id='word_1_109' title='bbox 642 1769 752 1838; x_wconf 88' lang='lat' dir='ltr'><strong>Strab.</strong></span> <span class='ocrx_word' id='word_1_110' title='bbox 787 1770 857 1850; x_wconf 89' lang='lat' dir='ltr'><strong>IX,</strong></span> <span class='ocrx_word' id='word_1_111' title='bbox 889 1795 931 1836; x_wconf 85' lang='lat' dir='ltr'><strong>c..</strong></span> <span class='ocrx_word' id='word_1_112' title='bbox 951 1792 977 1835; x_wconf 85' lang='lat'><strong>1.</strong></span> <span class='ocrx_word' id='word_1_113' title='bbox 1008 1808 1052 1821; x_wconf 90' lang='lat'><strong>-·-</strong></span> <span class='ocrx_word' id='word_1_114' title='bbox 1085 1769 1296 1838; x_wconf 84' lang='lat' dir='ltr'><strong>Gravissime</strong></span> 
     </span>
     <span class='ocr_line' id='line_1_16' title="bbox 239 1871 1297 1967; baseline 0.002 -24"><span class='ocrx_word' id='word_1_115' title='bbox 239 1878 332 1944; x_wconf 88' lang='lat' dir='ltr'><strong>enim</strong></span> <span class='ocrx_word' id='word_1_116' title='bbox 355 1900 417 1967; x_wconf 92' lang='lat' dir='ltr'><strong>per</strong></span> <span class='ocrx_word' id='word_1_117' title='bbox 443 1873 591 1966; x_wconf 88' lang='lat' dir='ltr'><strong>reliquos</strong></span> <span class='ocrx_word' id='word_1_118' title='bbox 622 1897 742 1941; x_wconf 89' lang='lat' dir='ltr'><strong>novem</strong></span> <span class='ocrx_word' id='word_1_119' title='bbox 768 1871 851 1966; x_wconf 77' lang='lat' dir='ltr'><strong>belli</strong></span> <span class='ocrx_word' id='word_1_120' title='bbox 882 1871 1158 1966; x_wconf 87' lang='lat' dir='ltr'><strong>Peloponnesiaci</strong></span> <span class='ocrx_word' id='word_1_121' title='bbox 1184 1900 1297 1944; x_wconf 89' lang='lat' dir='ltr'><strong>annos</strong></span> 
     </span>
     <span class='ocr_line' id='line_1_17' title="bbox 241 1977 1299 2072; baseline -0.002 -23"><span class='ocrx_word' id='word_1_122' title='bbox 241 1983 347 2049; x_wconf 81' lang='lat' dir='ltr'><strong>hocce</strong></span> <span class='ocrx_word' id='word_1_123' title='bbox 362 1977 548 2064; x_wconf 77' lang='lat' dir='ltr'><strong>&#39;Deceleicp</strong></span> <span class='ocrx_word' id='word_1_124' title='bbox 563 1977 906 2052; x_wconf 77' lang='lat' dir='ltr'><strong>Lacedaemoniorum</strong></span> <span class='ocrx_word' id='word_1_125' title='bbox 919 1979 1092 2072; x_wconf 14' lang='lat' dir='ltr'><strong>praesidio&gt;</strong></span> <span class='ocrx_word' id='word_1_126' title='bbox 1101 1979 1299 2047; x_wconf 88' lang='lat' dir='ltr'><strong>Athenien·</strong></span> 
     </span>
     <span class='ocr_line' id='line_1_18' title="bbox 243 2069 1345 2178; baseline 0.004 -28"><span class='ocrx_word' id='word_1_127' title='bbox 243 2083 527 2164; x_wconf 65' lang='lat' dir='ltr'><strong>aesrexabantur,</strong></span> <span class='ocrx_word' id='word_1_128' title='bbox 551 2069 638 2148; x_wconf 85' lang='lat' dir='ltr'><strong>urhe</strong></span> <span class='ocrx_word' id='word_1_129' title='bbox 656 2107 674 2148; x_wconf 90' lang='lat' dir='ltr'><strong>e</strong></span> <span class='ocrx_word' id='word_1_130' title='bbox 696 2099 784 2148; x_wconf 89' lang='lat' dir='ltr'><strong>terra</strong></span> <span class='ocrx_word' id='word_1_131' title='bbox 805 2101 899 2174; x_wconf 88' lang='lat' dir='ltr'><strong>septa</strong></span> <span class='ocrx_word' id='word_1_132' title='bbox 918 2085 1155 2178; x_wconf 82' lang='lat' dir='ltr'><strong>continuisque</strong></span> <span class='ocrx_word' id='word_1_133' title='bbox 1170 2085 1296 2178; x_wconf 84' lang='lat' dir='ltr'><strong>Agidis</strong></span> <span class='ocrx_word' id='word_1_134' title='bbox 1344 2113 1345 2154; x_wconf 72' lang='lat' dir='ltr'><strong>t</strong></span> 
     </span>
     <span class='ocr_line' id='line_1_19' title="bbox 243 2187 1345 2280; baseline 0.001 -24"><span class='ocrx_word' id='word_1_135' title='bbox 243 2187 496 2256; x_wconf 82' lang='lat' dir='ltr'><strong>incursionibus</strong></span> <span class='ocrx_word' id='word_1_136' title='bbox 513 2188 643 2279; x_wconf 85' lang='lat' dir='ltr'><strong>agitata,</strong></span> <span class='ocrx_word' id='word_1_137' title='bbox 667 2211 810 2280; x_wconf 78' lang='lat' dir='ltr'><strong>quarum</strong></span> <span class='ocrx_word' id='word_1_138' title='bbox 827 2187 956 2279; x_wconf 84' lang='lat' dir='ltr'><strong>aliquot</strong></span> <span class='ocrx_word' id='word_1_139' title='bbox 979 2187 1073 2255; x_wconf 88' lang='lat' dir='ltr'><strong>haud</strong></span> <span class='ocrx_word' id='word_1_140' title='bbox 1095 2188 1199 2256; x_wconf 89' lang='lat' dir='ltr'><strong>dubie</strong></span> <span class='ocrx_word' id='word_1_141' title='bbox 1218 2215 1295 2256; x_wconf 84' lang='lat' dir='ltr'><strong>ma·</strong></span> <span class='ocrx_word' id='word_1_142' title='bbox 1344 2205 1345 2214; x_wconf 75' lang='grc'>’</span> 
     </span>
     <span class='ocr_line' id='line_1_20' title="bbox 238 2291 1341 2375; baseline 0.005 -16"><span class='ocrx_word' id='word_1_143' title='bbox 238 2295 344 2360; x_wconf 74' lang='lat' dir='ltr'><strong>rimas</strong></span> <span class='ocrx_word' id='word_1_144' title='bbox 368 2309 515 2358; x_wconf 87' lang='lat' dir='ltr'><strong>auctores</strong></span> <span class='ocrx_word' id='word_1_145' title='bbox 537 2292 697 2375; x_wconf 84' lang='lat' dir='ltr'><strong>referunt,</strong></span> <span class='ocrx_word' id='word_1_146' title='bbox 719 2313 822 2358; x_wconf 90' lang='lat' dir='ltr'><strong>unam</strong></span> <span class='ocrx_word' id='word_1_147' title='bbox 849 2309 989 2358; x_wconf 82' lang='lat' dir='ltr'><strong>exeunte</strong></span> <span class='ocrx_word' id='word_1_148' title='bbox 1020 2317 1107 2361; x_wconf 89' lang='lat' dir='ltr'><strong>anno</strong></span> <span class='ocrx_word' id='word_1_149' title='bbox 1135 2291 1219 2360; x_wconf 90' lang='lat' dir='ltr'><strong>belli</strong></span> <span class='ocrx_word' id='word_1_150' title='bbox 1240 2296 1294 2364; x_wconf 87' lang='lat' dir='ltr'><strong>vi·</strong></span> <span class='ocrx_word' id='word_1_151' title='bbox 1338 2315 1341 2323; x_wconf 58' lang='lat'><strong>⁴</strong></span> 
     </span>
    </p>
   </div>
   <div class='ocr_carea' id='block_1_7' title="bbox 125 2396 1345 2490">
    <p class='ocr_par' dir='ltr' id='par_1_7' title="bbox 125 2396 1345 2490">
     <span class='ocr_line' id='line_1_21' title="bbox 125 2396 1345 2490; baseline 0.002 -26"><span class='ocrx_word' id='word_1_152' title='bbox 125 2466 129 2476; x_wconf 70' lang='lat'><strong>.</strong></span> <span class='ocrx_word' id='word_1_153' title='bbox 159 2469 160 2472; x_wconf 46' lang='lat'>,</span> <span class='ocrx_word' id='word_1_154' title='bbox 243 2399 365 2475; x_wconf 79' lang='lat' dir='ltr'><strong>cesimo</strong></span> <span class='ocrx_word' id='word_1_155' title='bbox 385 2399 515 2490; x_wconf 88' lang='lat' dir='ltr'><strong>prim0,</strong></span> <span class='ocrx_word' id='word_1_156' title='bbox 540 2396 679 2490; x_wconf 83' lang='lat' dir='ltr'><strong>Olymp.</strong></span> <span class='ocrx_word' id='word_1_157' title='bbox 703 2397 823 2477; x_wconf 88' lang='lat' dir='ltr'>XCII,</span> <span class='ocrx_word' id='word_1_158' title='bbox 856 2421 893 2477; x_wconf 85' lang='lat'><strong>2,</strong></span> <span class='ocrx_word' id='word_1_159' title='bbox 923 2396 1080 2490; x_wconf 88' lang='lat' dir='ltr'><strong>Xenoph.</strong></span> <span class='ocrx_word' id='word_1_160' title='bbox 1104 2396 1236 2474; x_wconf 86' lang='lat' dir='ltr'><strong>Hellen.</strong></span> <span class='ocrx_word' id='word_1_161' title='bbox 1261 2401 1287 2481; x_wconf 90' lang='grc' dir='ltr'><strong>Ι,</strong></span> <span class='ocrx_word' id='word_1_162' title='bbox 1344 2481 1345 2490; x_wconf 16' lang='lat'>¹</span> 
     </span>
    </p>
   </div>
   <div class='ocr_carea' id='block_1_8' title="bbox 194 2499 1288 2802">
    <p class='ocr_par' dir='ltr' id='par_1_8' title="bbox 194 2499 1288 2802">
     <span class='ocr_line' id='line_1_22' title="bbox 245 2499 1288 2604; baseline -0.002 -32"><span class='ocrx_word' id='word_1_163' title='bbox 245 2529 272 2586; x_wconf 87' lang='lat'><strong>1,</strong></span> <span class='ocrx_word' id='word_1_164' title='bbox 304 2505 364 2588; x_wconf 80' lang='lat'><strong>233</strong></span> <span class='ocrx_word' id='word_1_165' title='bbox 392 2503 555 2570; x_wconf 87' lang='lat' dir='ltr'><strong>acriorem</strong></span> <span class='ocrx_word' id='word_1_166' title='bbox 577 2501 750 2570; x_wconf 89' lang='lat' dir='ltr'><strong>Diodorus</strong></span> <span class='ocrx_word' id='word_1_167' title='bbox 772 2519 887 2604; x_wconf 80' lang='lat' dir='ltr'><strong>narrat</strong></span> <span class='ocrx_word' id='word_1_168' title='bbox 908 2499 1024 2590; x_wconf 84' lang='lat' dir='ltr'>(XIII,</span> <span class='ocrx_word' id='word_1_169' title='bbox 1048 2503 1120 2591; x_wconf 76' lang='lat'>72),</span> <span class='ocrx_word' id='word_1_170' title='bbox 1145 2501 1288 2595; x_wconf 88' lang='lat' dir='ltr'><strong>Olymp.</strong></span> 
     </span>
     <span class='ocr_line' id='line_1_23' title="bbox 242 2605 1285 2696; baseline -0.001 -23"><span class='ocrx_word' id='word_1_171' title='bbox 242 2608 368 2687; x_wconf 87' lang='lat' dir='ltr'>XCIII,</span> <span class='ocrx_word' id='word_1_172' title='bbox 395 2631 405 2672; x_wconf 88' lang='lat'>1</span> <span class='ocrx_word' id='word_1_173' title='bbox 433 2607 564 2687; x_wconf 88' lang='lat' dir='ltr'><strong>factam,</strong></span> <span class='ocrx_word' id='word_1_174' title='bbox 587 2608 644 2671; x_wconf 85' lang='lat' dir='ltr'><strong>cui</strong></span> <span class='ocrx_word' id='word_1_175' title='bbox 664 2626 730 2694; x_wconf 85' lang='lat' dir='ltr'><strong>9oo</strong></span> <span class='ocrx_word' id='word_1_176' title='bbox 746 2607 874 2696; x_wconf 83' lang='lat' dir='ltr'><strong>equites</strong></span> <span class='ocrx_word' id='word_1_177' title='bbox 896 2605 1070 2688; x_wconf 86' lang='lat' dir='ltr'><strong>Boeoticos</strong></span> <span class='ocrx_word' id='word_1_178' title='bbox 1095 2607 1285 2673; x_wconf 84' lang='lat' dir='ltr'><strong>interfuisse</strong></span> 
     </span>
     <span class='ocr_line' id='line_1_24' title="bbox 194 2707 1288 2802; baseline -0.005 -21"><span class='ocrx_word' id='word_1_179' title='bbox 194 2787 195 2792; x_wconf 40' lang='lat'><strong>.</strong></span> <span class='ocrx_word' id='word_1_180' title='bbox 241 2709 359 2794; x_wconf 82' lang='lat' dir='ltr'><strong>tradit3</strong></span> <span class='ocrx_word' id='word_1_181' title='bbox 391 2708 434 2773; x_wconf 90' lang='lat' dir='ltr'><strong>ad</strong></span> <span class='ocrx_word' id='word_1_182' title='bbox 455 2709 568 2800; x_wconf 88' lang='lat' dir='ltr'><strong>ipsum</strong></span> <span class='ocrx_word' id='word_1_183' title='bbox 591 2707 738 2802; x_wconf 82' lang='lat' dir='ltr'><strong>denique</strong></span> <span class='ocrx_word' id='word_1_184' title='bbox 764 2707 848 2774; x_wconf 88' lang='lat' dir='ltr'><strong>belli</strong></span> <span class='ocrx_word' id='word_1_185' title='bbox 869 2708 974 2779; x_wconf 84' lang='lat' dir='ltr'><strong>finem</strong></span> <span class='ocrx_word' id='word_1_186' title='bbox 998 2711 1081 2802; x_wconf 84' lang='lat' dir='ltr'><strong>Agis</strong></span> <span class='ocrx_word' id='word_1_187' title='bbox 1105 2733 1288 2802; x_wconf 83' lang='lat' dir='ltr'><strong>congrega-</strong></span> 
     </span>
    </p>
   </div>
   <div class='ocr_carea' id='block_1_9' title="bbox 194 2811 1289 2915">
    <p class='ocr_par' dir='ltr' id='par_1_9' title="bbox 194 2811 1289 2915">
     <span class='ocr_line' id='line_1_25' title="bbox 194 2811 1289 2915; baseline -0.005 -31"><span class='ocrx_word' id='word_1_188' title='bbox 194 2821 200 2829; x_wconf 77' lang='grc'><em>’</em></span> <span class='ocrx_word' id='word_1_189' title='bbox 241 2819 283 2884; x_wconf 88' lang='lat' dir='ltr'><strong>tis</strong></span> <span class='ocrx_word' id='word_1_190' title='bbox 306 2815 473 2882; x_wconf 82' lang='lat' dir='ltr'><strong>socIorum</strong></span> <span class='ocrx_word' id='word_1_191' title='bbox 495 2813 600 2915; x_wconf 85' lang='lat' dir='ltr'><strong>copiis</strong></span> <span class='ocrx_word' id='word_1_192' title='bbox 623 2811 767 2878; x_wconf 86' lang='lat' dir='ltr'><strong>Decelea</strong></span> <span class='ocrx_word' id='word_1_193' title='bbox 790 2835 938 2908; x_wconf 84' lang='lat' dir='ltr'><strong>egressus</strong></span> <span class='ocrx_word' id='word_1_194' title='bbox 968 2815 1005 2880; x_wconf 90' lang='lat' dir='ltr'><strong>in</strong></span> <span class='ocrx_word' id='word_1_195' title='bbox 1027 2812 1209 2904; x_wconf 85' lang='lat' dir='ltr'><strong>Academia</strong></span> <span class='ocrx_word' id='word_1_196' title='bbox 1232 2839 1289 2881; x_wconf 90' lang='lat' dir='ltr'><strong>ca-</strong></span> 
     </span>
    </p>
   </div>
   <div class='ocr_carea' id='block_1_10' title="bbox 107 2915 1289 3018">
    <p class='ocr_par' dir='ltr' id='par_1_10' title="bbox 107 2915 1289 3018">
     <span class='ocr_line' id='line_1_26' title="bbox 107 2915 1289 3018; baseline -0.003 -31"><span class='ocrx_word' id='word_1_197' title='bbox 107 2919 109 2924; x_wconf 68' lang='grc'>’</span> <span class='ocrx_word' id='word_1_198' title='bbox 154 2999 157 3002; x_wconf 31' lang='grc'>,</span> <span class='ocrx_word' id='word_1_199' title='bbox 240 2937 308 2988; x_wconf 84' lang='lat' dir='ltr'><strong>stra</strong></span> <span class='ocrx_word' id='word_1_200' title='bbox 330 2915 443 3010; x_wconf 85' lang='lat' dir='ltr'><strong>posdit</strong></span> <span class='ocrx_word' id='word_1_201' title='bbox 467 2915 606 3008; x_wconf 85' lang='lat' dir='ltr'><strong>Olymp.</strong></span> <span class='ocrx_word' id='word_1_202' title='bbox 631 2915 758 2998; x_wconf 87' lang='lat' dir='ltr'>XCIII,</span> <span class='ocrx_word' id='word_1_203' title='bbox 782 2916 820 3002; x_wconf 73' lang='grc'><strong>4,</strong></span> <span class='ocrx_word' id='word_1_204' title='bbox 845 2940 912 3018; x_wconf 89' lang='lat' dir='ltr'><strong>quo</strong></span> <span class='ocrx_word' id='word_1_205' title='bbox 936 2934 1087 3009; x_wconf 88' lang='lat' dir='ltr'><strong>tempore</strong></span> <span class='ocrx_word' id='word_1_206' title='bbox 1110 2917 1289 3010; x_wconf 80' lang='lat' dir='ltr'><strong>Lysander</strong></span> 
     </span>
    </p>
   </div>
   <div class='ocr_carea' id='block_1_11' title="bbox 184 3017 1286 3220">
    <p class='ocr_par' dir='ltr' id='par_1_11' title="bbox 184 3017 1286 3220">
     <span class='ocr_line' id='line_1_27' title="bbox 184 3017 1286 3116; baseline -0.004 -22"><span class='ocrx_word' id='word_1_207' title='bbox 184 3099 186 3104; x_wconf 65' lang='grc'><strong><em>,</em></strong></span> <span class='ocrx_word' id='word_1_208' title='bbox 240 3022 284 3104; x_wconf 81' lang='lat' dir='ltr'><strong>ad</strong></span> <span class='ocrx_word' id='word_1_209' title='bbox 296 3019 496 3090; x_wconf 89' lang='lat' dir='ltr'><strong>obsidendas</strong></span> <span class='ocrx_word' id='word_1_210' title='bbox 509 3019 594 3088; x_wconf 90' lang='lat' dir='ltr'><strong>mari</strong></span> <span class='ocrx_word' id='word_1_211' title='bbox 609 3017 756 3088; x_wconf 83' lang='lat' dir='ltr'><strong>Athenas</strong></span> <span class='ocrx_word' id='word_1_212' title='bbox 770 3038 959 3090; x_wconf 85' lang='lat' dir='ltr'><strong>accesserat.</strong></span> <span class='ocrx_word' id='word_1_213' title='bbox 981 3023 1136 3116; x_wconf 87' lang='lat' dir='ltr'><strong>Xenoph.</strong></span> <span class='ocrx_word' id='word_1_214' title='bbox 1150 3021 1286 3090; x_wconf 89' lang='lat' dir='ltr'><strong>Hellen.</strong></span> 
     </span>
     <span class='ocr_line' id='line_1_28' title="bbox 240 3129 479 3220; baseline 0.029 -8"><span class='ocrx_word' id='word_1_215' title='bbox 240 3129 284 3219; x_wconf 65' lang='lat' dir='ltr'><strong>Ila</strong></span> <span class='ocrx_word' id='word_1_216' title='bbox 309 3153 339 3211; x_wconf 78' lang='lat'><strong>²2</strong></span> <span class='ocrx_word' id='word_1_217' title='bbox 364 3150 382 3217; x_wconf 88' lang='grc'><strong>7</strong></span> <span class='ocrx_word' id='word_1_218' title='bbox 406 3150 479 3220; x_wconf 84' lang='lat' dir='ltr'><strong>sqq.</strong></span> 
     </span>
    </p>
   </div>
   <div class='ocr_carea' id='block_1_12' title="bbox 132 3354 1286 4179">
    <p class='ocr_par' dir='ltr' id='par_1_12' title="bbox 241 3354 1286 3445">
     <span class='ocr_line' id='line_1_29' title="bbox 241 3354 1286 3445; baseline 0 -24"><span class='ocrx_word' id='word_1_219' title='bbox 241 3379 271 3421; x_wconf 85' lang='lat' dir='ltr'><strong>a.</strong></span> <span class='ocrx_word' id='word_1_220' title='bbox 299 3357 561 3444; x_wconf 66' lang='grc' dir='ltr'><strong><em>Λακεδαιμονίω</em></strong></span> <span class='ocrx_word' id='word_1_221' title='bbox 588 3362 648 3442; x_wconf 79' lang='grc' dir='ltr'><strong>γῆς</strong></span> <span class='ocrx_word' id='word_1_222' title='bbox 673 3357 730 3422; x_wconf 74' lang='grc' dir='ltr'><strong><em>καὶ·</em></strong></span> <span class='ocrx_word' id='word_1_223' title='bbox 753 3354 916 3443; x_wconf 68' lang='grc' dir='ltr'><strong>θαλάττης</strong></span> <span class='ocrx_word' id='word_1_224' title='bbox 943 3355 1121 3445; x_wconf 75' lang='grc' dir='ltr'>ἀρχόντων,</span> <span class='ocrx_word' id='word_1_225' title='bbox 1159 3356 1209 3422; x_wconf 78' lang='grc' dir='ltr'><strong>καὶ</strong></span> <span class='ocrx_word' id='word_1_226' title='bbox 1242 3354 1286 3421; x_wconf 80' lang='grc' dir='ltr'><strong>τὰ</strong></span> 
     </span>
    </p>

    <p class='ocr_par' dir='ltr' id='par_1_13' title="bbox 132 3456 1285 3858">
     <span class='ocr_line' id='line_1_30' title="bbox 198 3456 1283 3550; baseline -0.002 -24"><span class='ocrx_word' id='word_1_227' title='bbox 198 3540 200 3544; x_wconf 11' lang='lat' dir='ltr'>y</span> <span class='ocrx_word' id='word_1_228' title='bbox 247 3492 251 3502; x_wconf 52' lang='lat'><strong><em>¹</em></strong></span> <span class='ocrx_word' id='word_1_229' title='bbox 282 3459 382 3549; x_wconf 76' lang='grc' dir='ltr'><strong><em>κύκλῳ</em></strong></span> <span class='ocrx_word' id='word_1_230' title='bbox 410 3460 603 3544; x_wconf 76' lang='grc' dir='ltr'><strong><em>κατεχόντων</em></strong></span> <span class='ocrx_word' id='word_1_231' title='bbox 638 3456 815 3544; x_wconf 75' lang='grc' dir='ltr'><strong><em>ἁρμοσταῖς</em></strong></span> <span class='ocrx_word' id='word_1_232' title='bbox 848 3464 900 3528; x_wconf 77' lang='grc' dir='ltr'><strong>καὶ</strong></span> <span class='ocrx_word' id='word_1_233' title='bbox 930 3463 1098 3550; x_wconf 77' lang='grc' dir='ltr'><strong><em>φροαραΐς,</em></strong></span> <span class='ocrx_word' id='word_1_234' title='bbox 1132 3459 1283 3542; x_wconf 74' lang='grc' dir='ltr'><strong><em>Εὔβοιαν,</em></strong></span> 
     </span>
     <span class='ocr_line' id='line_1_31' title="bbox 132 3551 1283 3652; baseline -0.004 -21"><span class='ocrx_word' id='word_1_235' title='bbox 132 3551 135 3560; x_wconf 55' lang='grc'><strong>’</strong></span> <span class='ocrx_word' id='word_1_236' title='bbox 284 3565 469 3650; x_wconf 74' lang='grc' dir='ltr'><strong><em>Τάναγραν,</em></strong></span> <span class='ocrx_word' id='word_1_237' title='bbox 499 3563 557 3648; x_wconf 80' lang='grc' dir='ltr'><strong>τὴν</strong></span> <span class='ocrx_word' id='word_1_238' title='bbox 585 3567 743 3630; x_wconf 78' lang='grc' dir='ltr'><strong><em>Βοιωτίαν</em></strong></span> <span class='ocrx_word' id='word_1_239' title='bbox 767 3565 911 3650; x_wconf 77' lang='grc' dir='ltr'><strong><em>ἅπασαν,</em></strong></span> <span class='ocrx_word' id='word_1_240' title='bbox 945 3566 1102 3652; x_wconf 72' lang='grc' dir='ltr'><strong><em>Μέγαρα,</em></strong></span> <span class='ocrx_word' id='word_1_241' title='bbox 1135 3563 1283 3649; x_wconf 73' lang='grc' dir='ltr'><strong><em>Αἴγιναν,</em></strong></span> 
     </span>
     <span class='ocr_line' id='line_1_32' title="bbox 282 3662 1285 3766; baseline -0.001 -32"><span class='ocrx_word' id='word_1_242' title='bbox 282 3667 440 3750; x_wconf 79' lang='grc' dir='ltr'><strong><em>Κλεωνάς,</em></strong></span> <span class='ocrx_word' id='word_1_243' title='bbox 463 3662 522 3744; x_wconf 78' lang='grc' dir='ltr'><strong>τὰς</strong></span> <span class='ocrx_word' id='word_1_244' title='bbox 541 3668 641 3745; x_wconf 80' lang='grc' dir='ltr'><strong><em>ἄλλας</em></strong></span> <span class='ocrx_word' id='word_1_245' title='bbox 661 3667 784 3754; x_wconf 79' lang='grc' dir='ltr'><strong>νήσους,</strong></span> <span class='ocrx_word' id='word_1_246' title='bbox 809 3670 847 3738; x_wconf 73' lang='grc' dir='ltr'><strong>οὗ</strong></span> <span class='ocrx_word' id='word_1_247' title='bbox 868 3676 953 3751; x_wconf 79' lang='grc' dir='ltr'><strong><em>ναῦς,</em></strong></span> <span class='ocrx_word' id='word_1_248' title='bbox 969 3669 1016 3766; x_wconf 32' lang='grc' dir='ltr'><strong>,οὗ</strong></span> <span class='ocrx_word' id='word_1_249' title='bbox 1038 3671 1124 3754; x_wconf 78' lang='grc' dir='ltr'><strong><em>τείχη</em></strong></span> <span class='ocrx_word' id='word_1_250' title='bbox 1145 3675 1202 3754; x_wconf 80' lang='grc' dir='ltr'><strong>τῆς</strong></span> <span class='ocrx_word' id='word_1_251' title='bbox 1223 3665 1285 3734; x_wconf 83' lang='grc' dir='ltr'><strong>αό-</strong></span> 
     </span>
     <span class='ocr_line' id='line_1_33' title="bbox 170 3771 875 3858; baseline -0.003 -19"><span class='ocrx_word' id='word_1_252' title='bbox 170 3804 174 3812; x_wconf 96' lang='grc'><strong><em>·</em></strong></span> <span class='ocrx_word' id='word_1_253' title='bbox 282 3779 358 3850; x_wconf 79' lang='grc' dir='ltr'><strong><em>λεως</em></strong></span> <span class='ocrx_word' id='word_1_254' title='bbox 378 3771 449 3838; x_wconf 81' lang='grc' dir='ltr'><strong><em>τότε</em></strong></span> <span class='ocrx_word' id='word_1_255' title='bbox 471 3773 666 3858; x_wconf 71' lang='grc' dir='ltr'><strong><em>κεκτημένης.</em></strong></span> <span class='ocrx_word' id='word_1_256' title='bbox 782 3819 784 3822; x_wconf 93' lang='grc'>-</span> <span class='ocrx_word' id='word_1_257' title='bbox 871 3779 875 3786; x_wconf 83' lang='grc'><strong>“</strong></span> 
     </span>
    </p>

    <p class='ocr_par' dir='ltr' id='par_1_14' title="bbox 556 3867 941 3932">
     <span class='ocr_line' id='line_1_34' title="bbox 556 3867 941 3932; baseline 0.003 -13"><span class='ocrx_word' id='word_1_258' title='bbox 556 3867 559 3874; x_wconf 51' lang='grc'><strong>”</strong></span> <span class='ocrx_word' id='word_1_259' title='bbox 579 3874 822 3932; x_wconf 67' lang='lat' dir='ltr'><strong>olymp.xc111.4.-</strong></span> <span class='ocrx_word' id='word_1_260' title='bbox 834 3878 908 3926; x_wconf 73' lang='lat' dir='ltr'>XCVI.</span> <span class='ocrx_word' id='word_1_261' title='bbox 922 3892 941 3920; x_wconf 74' lang='lat' dir='ltr'><strong>a.</strong></span> 
     </span>
    </p>

    <p class='ocr_par' dir='ltr' id='par_1_15' title="bbox 178 3979 1285 4179">
     <span class='ocr_line' id='line_1_35' title="bbox 324 3979 1285 4048; baseline -0.002 -2"><span class='ocrx_word' id='word_1_262' title='bbox 324 3979 415 4046; x_wconf 88' lang='lat' dir='ltr'><strong>Haec</strong></span> <span class='ocrx_word' id='word_1_263' title='bbox 436 3980 610 4048; x_wconf 88' lang='lat' dir='ltr'><strong>manifesto</strong></span> <span class='ocrx_word' id='word_1_264' title='bbox 644 3979 687 4046; x_wconf 91' lang='lat' dir='ltr'><strong>ad</strong></span> <span class='ocrx_word' id='word_1_265' title='bbox 716 4007 789 4048; x_wconf 87' lang='lat' dir='ltr'><strong>cam</strong></span> <span class='ocrx_word' id='word_1_266' title='bbox 811 3980 1019 4048; x_wconf 88' lang='lat' dir='ltr'><strong>Athenarum</strong></span> <span class='ocrx_word' id='word_1_267' title='bbox 1053 3979 1285 4047; x_wconf 77' lang='lat' dir='ltr'><strong>couditIonem</strong></span> 
     </span>
     <span class='ocr_line' id='line_1_36' title="bbox 178 4069 1284 4179; baseline 0 -28"><span class='ocrx_word' id='word_1_268' title='bbox 178 4069 180 4074; x_wconf 41' lang='grc'>’</span> <span class='ocrx_word' id='word_1_269' title='bbox 236 4101 397 4178; x_wconf 86' lang='lat' dir='ltr'><strong>spectant,</strong></span> <span class='ocrx_word' id='word_1_270' title='bbox 420 4087 456 4150; x_wconf 91' lang='lat' dir='ltr'><strong>in</strong></span> <span class='ocrx_word' id='word_1_271' title='bbox 479 4111 545 4176; x_wconf 89' lang='lat' dir='ltr'><strong>qua</strong></span> <span class='ocrx_word' id='word_1_272' title='bbox 567 4086 688 4177; x_wconf 88' lang='lat' dir='ltr'><strong>primis</strong></span> <span class='ocrx_word' id='word_1_273' title='bbox 710 4105 787 4179; x_wconf 88' lang='lat' dir='ltr'><strong>post</strong></span> <span class='ocrx_word' id='word_1_274' title='bbox 808 4083 937 4156; x_wconf 87' lang='lat' dir='ltr'><strong>bellum</strong></span> <span class='ocrx_word' id='word_1_275' title='bbox 959 4082 1284 4178; x_wconf 85' lang='lat' dir='ltr'><strong>Peloponnesiacum</strong></span> 
     </span>
    </p>
   </div>
   <div class='ocr_carea' id='block_1_13' title="bbox 0 0 1358 4782">
    <p class='ocr_par' dir='ltr' id='par_1_16' title="bbox 0 0 1358 4782">
     <span class='ocr_line' id='line_1_37' title="bbox 0 0 1358 4782; baseline 0 3"><span class='ocrx_word' id='word_1_276' title='bbox 0 0 1358 4782; x_wconf 95' lang='lat' dir='ltr'><strong> </strong></span> 
     </span>
    </p>
   </div>
  </div>
 </body>
</html>
