2706 4782
222 454 377 548 Philippi
400 438 439 520 ex
461 437 528 522 uno
549 468 690 548 parente
711 444 865 533 fratrem,
889 449 1071 544 imperium
1092 451 1279 546 adspiran-
1342 491 1343 496 κ

222 578 291 628 tem
320 556 510 639 adiuvabat,
544 559 672 650 quippe
699 575 801 648 quem
830 553 1067 639 Athenienses,
1094 559 1128 624 'si
1160 583 1277 650 regno

132 674 157 700 ·”
222 678 308 731 esset
326 663 467 755 potitus,
493 659 719 754 Amphipolin
740 659 803 726 sihi
830 661 1065 735 restituturum
1094 685 1164 762 esse
1191 687 1280 756 spe·
1342 679 1343 738 ξ

150 811 155 820 -
221 760 347 835 rorent.
398 767 444 832 At
474 763 650 858 Philippus
677 787 821 856 regnum
854 762 1007 856 undique
1042 764 1083 831 ab
1115 764 1278 834 hostibus
1342 779 1343 840 Τ

222 888 400 953 tentatum,
435 871 645 962 pessimeque
678 867 849 936 adfectum
880 866 1018 960 adeptus
1056 893 1163 962 quum
1196 895 1278 938 sese

222 977 389 1067 imparem
419 971 462 1038 ed
488 969 724 1038 dimicandum
746 973 907 1040 continuo
935 973 1035 1040 armis
1063 997 1141 1039 cum
1161 974 1279 1042 Athe-

221 1077 395 1150 niensibus
417 1078 570 1158 sentiret,
601 1075 803 1170 Amphipoli
825 1075 944 1168 sponte
967 1075 1128 1161 decessit,
1150 1079 1278 1146 civita-

153 1247 157 1252 ,
221 1179 356 1274 temque
378 1181 445 1248 suis
474 1180 604 1272 legibus
630 1181 742 1247 vivere
768 1169 932 1274 permisit.
968 1179 1078 1249 Diod.
1097 1179 1142 1248 'S.
1172 1183 1276 1264 XVI,

223 1289 243 1356 3
265 1286 348 1352 ibid.
372 1285 479 1356 Wess.
525 1282 636 1352 Simul
656 1275 828 1378 p'opulum
851 1284 1031 1352 ambitione
1056 1282 1153 1353 facile
1175 1311 1277 1355 com-

122 1439 126 1447 .
223 1388 427 1458 movendum
448 1390 555 1456 sciens
578 1405 691 1482 captos
721 1388 885 1482 quosdam
912 1389 1173 1478 Atheniensium
1202 1394 1276 1460 mi-

78 1485 80 1492 ’
166 1473 173 1492 .
222 1493 298 1564 lites
320 1495 490 1575 restitutis,
513 1517 599 1586 quae
621 1494 813 1574 amiserant,
841 1488 964 1562 liberos
990 1493 1140 1568 ,Athenas
1169 1493 1277 1563 dimi-

222 1601 275 1680 sit,
299 1615 421 1665 etune
448 1621 525 1664 cum
546 1597 598 1664 his
622 1596 762 1691 epistola
791 1595 938 1666 modeste
966 1599 1089 1690 scripta
1112 1597 1156 1667 ad
1177 1623 1276 1668 ccm-

203 1702 417 1798 'ponendam
449 1726 580 1794 pacem
607 1719 640 1769 et
678 1701 904 1780 renovandam
941 1703 1047 1794 patris
1085 1704 1270 1771 amicitiam

221 1807 442 1876 Athenienses
463 1807 704 1876 humanissime
725 1807 896 1874 invitabat.
939 1806 1038 1874 Dem.
1062 1831 1109 1876 or.
1133 1808 1171 1874 in
1188 1808 1274 1875 Ari-

111 1905 112 1908 *
222 1930 321 1980 stocr.
342 1939 378 2005 p.
400 1911 482 1996 6603
505 1911 545 1982 cf.
558 1909 659 1978 Diod.
682 1907 717 1977 S.
741 1911 834 1992 xvi,
856 1909 887 1997 4.
934 1911 1063 1994 Quibus
1077 1937 1185 2004 quum
1208 1912 1275 1980 ob-

46 2016 51 2026 “
222 2003 461 2108 temperassent
481 2003 713 2096 Athenienses,
734 2015 884 2106 Argaeus
905 2016 975 2083 ium
1002 2039 1120 2085 eorum
1141 2015 1272 2092 auxilio

112 2166 114 2170 -
224 2119 410 2190 destitutus,
429 2116 527 2185 facile
555 2119 661 2186 victus
684 2141 928 2211 oppressusque
960 2137 1019 2187 est.
1064 2119 1165 2189 Diod.
1188 2119 1213 2188 l.
1238 2145 1272 2188 c.
1323 2207 1326 2217 Ι

224 2223 275 2290 lta
288 2209 476 2315 ¹Philippus
490 2224 629 2290 instanti
651 2247 721 2290 sese
735 2217 888 2316 periculo
901 2222 1065 2294 liberavit.
1109 2226 1156 2294 At
1176 2243 1272 2318 post-

111 2404 114 2410 *
225 2353 326 2419 quam
349 2325 406 2393 Ol.
431 2326 503 2409 GV,
527 2350 546 2393 n
570 2327 716 2395 Paeones
739 2345 839 2419 atque
870 2326 1001 2418 illyrios
1022 2330 1149 2420 insigni
1171 2328 1269 2397 clade

224 2431 378 2504 affecerat
403 2431 517 2514 (Diod.
545 2431 569 2498 l.
599 2455 627 2500 c.
650 2431 701 2518 4),
732 2448 764 2498 et
795 2433 964 2499 continuis
992 2435 1265 2525 occupationibus

222 2561 328 2629 usque
350 2533 394 2604 ad
414 2533 527 2604 lacum
549 2535 787 2628 Lychnitidem
810 2535 1029 2603 Macedoniae
1051 2538 1136 2605 fines
1150 2555 1270 2607 exten-

224 2639 318 2705 derat
339 2627 455 2728 (Diod.
477 2639 502 2706 l.
525 2661 553 2706 c.
578 2642 631 2725 8),
661 2641 764 2706 auctis
791 2641 858 2708 iam
885 2640 1019 2708 viribus
1036 2643 1165 2709 'acriter
1183 2642 1268 2707 Am·-

222 2740 382 2842 phipolin
413 2765 580 2846 aggressus
609 2757 657 2808 est
687 2740 743 2810 Ol.
772 2743 849 2836 CV)
881 2745 954 2834 ii),
987 2769 1089 2838 quarn
1120 2728 1268 2813 inimicis

189 2921 194 2926 ⁴
224 2845 379 2922 adversus
401 2867 436 2911 se
458 2846 579 2912 animis
595 2844 721 2942 'multas
742 2846 825 2915 belli
847 2872 960 2938 causas
987 2849 1052 2918 sibi
1073 2851 1272 2942 praebuisse

212 2941 472 3050 'praetendebat
529 2947 630 3017 Diod.
672 2948 695 3016 l.
737 2975 766 3020 c.
801 2952 1056 3046 Amphipolitue
1091 2955 1271 3046 inopinato

222 3052 375 3148 periculo
421 3053 534 3122 obruti
575 3053 830 3126 Atheniensium
868 3058 991 3124 auxilia
1030 3058 1272 3151 implorabant,

224 3156 294 3236 Sed
316 3181 432 3226 eorum
453 3157 553 3256 legati
574 3158 694 3239 infecta
708 3185 745 3238 re
759 3161 898 3241 Athenis
910 3163 1035 3237 reversi
1055 3180 1142 3236 sunt
1166 3163 1268 3236 Dent.

266 3489 293 3578 ⁴)
315 3495 526 3579 Amphipolitss
546 3495 701 3592 Philippus
730 3498 834 3572 eodem
854 3509 929 3566 enno
955 3471 1114 3574 secundum
1140 3499 1268 3563 Diodor.

162 3629 176 3638 .
249 3585 252 3593 '
283 3581 437 3730 'XVLTK
449 3584 575 3728 linvassit,
604 3605 665 3729 qirlro
687 3583 1150 3746 iiienienseitEUboeiiiibdit
1163 3587 1270 3736 adverae-=

243 3713 247 3720 -
307 3690 359 3730 sus
408 3691 540 3735 ¹ettncs
567 3693 622 3731 nux
644 3693 672 3730 re
743 3689 826 3734 erunt
868 3700 877 3735 1
937 3691 981 3736 est
1179 3696 1204 3735 a.
1258 3719 1269 3736 .

309 3755 464 3839 Conspirat
491 3759 702 3826 Demosthenes.
727 3760 757 3818 in
786 3719 840 3822 on,
857 3761 976 3844 Olynth.
1004 3763 1033 3840 l,
1067 3785 1099 3846 p.
1120 3781 1185 3839 st,
1213 3761 1269 3824 uhi

308 3843 427 3914 simules
448 3843 637 3916 Athenienses
666 3867 703 3911 et
723 3847 846 3916 Euboea
872 3863 971 3914 essent
987 3850 1111 3928 reversi,
1143 3849 1271 3932 Amphi«

310 3930 455 4018 politouos¹
481 3931 592 4012 legatos
620 3934 746 3993 Athenas
771 3933 919 4007 advenisse
952 3933 1041 4016 dicit,
1075 3937 1128 4028 qui
1160 3935 1269 4020 populi

310 4017 443 4163 auxilipm
477 4017 615 4092 adversus
647 4019 816 4118 Philippum
850 4023 1044 4120 implorarent.
1105 4022 1145 4093 V.
1169 4021 1269 4120 ¹supra

311 4123 373 4185 rao
407 4136 418 4178 ·‚
439 4127 482 4164 m·-
507 4127 538 4184 7.
611 4179 616 4190 ,
