<?xml version="1.0" encoding="UTF-8"?>
<!DOCTYPE html PUBLIC "-//W3C//DTD XHTML 1.0 Transitional//EN"
    "http://www.w3.org/TR/xhtml1/DTD/xhtml1-transitional.dtd">
<html xmlns="http://www.w3.org/1999/xhtml" xml:lang="en" lang="en">
 <head>
  <title>
</title>
<meta http-equiv="Content-Type" content="text/html;charset=utf-8" />
  <meta name='ocr-system' content='tesseract 3.04.00' />
  <meta name='ocr-capabilities' content='ocr_page ocr_carea ocr_par ocr_line ocrx_word'/>
</head>
<body>
  <div class='ocr_page' id='page_1' title='image "./francisciwiniew00winigoog_0263.png"; bbox 0 0 2750 4772; ppageno 0'>
   <div class='ocr_carea' id='block_1_1' title="bbox 765 263 928 350">
    <p class='ocr_par' dir='ltr' id='par_1_1' title="bbox 765 263 928 350">
     <span class='ocr_line' id='line_1_1' title="bbox 765 263 928 350; baseline 0 -60"><span class='ocrx_word' id='word_1_1' title='bbox 765 263 844 350; x_wconf 12' lang='lat'>„0‘</span> <span class='ocrx_word' id='word_1_2' title='bbox 906 269 928 333; x_wconf 55' lang='lat' dir='ltr'><em>x</em></span> 
     </span>
    </p>
   </div>
   <div class='ocr_carea' id='block_1_2' title="bbox 170 435 1319 1890">
    <p class='ocr_par' dir='ltr' id='par_1_2' title="bbox 170 426 1319 1890">
     <span class='ocr_line' id='line_1_2' title="bbox 279 435 1319 542; baseline 0.01 -35"><span class='ocrx_word' id='word_1_3' title='bbox 279 439 412 507; x_wconf 80' lang='lat' dir='ltr'>alausas</span> <span class='ocrx_word' id='word_1_4' title='bbox 438 435 543 508; x_wconf 78' lang='lat' dir='ltr'>refert</span> <span class='ocrx_word' id='word_1_5' title='bbox 564 435 767 530; x_wconf 82' lang='lat' dir='ltr'>praestitisse</span> <span class='ocrx_word' id='word_1_6' title='bbox 798 440 975 526; x_wconf 70' lang='lat' dir='ltr'>virtutem,</span> <span class='ocrx_word' id='word_1_7' title='bbox 1007 461 1130 536; x_wconf 74' lang='lat' dir='ltr'>cosque</span> <span class='ocrx_word' id='word_1_8' title='bbox 1158 455 1319 542; x_wconf 83' lang='lat' dir='ltr'>prospera</span> 
     </span>
     <span class='ocr_line' id='line_1_3' title="bbox 278 537 1316 639; baseline 0.01 -27"><span class='ocrx_word' id='word_1_9' title='bbox 278 561 370 612; x_wconf 85' lang='lat' dir='ltr'>certe</span> <span class='ocrx_word' id='word_1_10' title='bbox 389 541 523 610; x_wconf 81' lang='lat' dir='ltr'>fortuna</span> <span class='ocrx_word' id='word_1_11' title='bbox 552 537 729 612; x_wconf 73' lang='lat' dir='ltr'>dimicasse,</span> <span class='ocrx_word' id='word_1_12' title='bbox 748 565 787 610; x_wconf 89' lang='lat' dir='ltr'>ea</span> <span class='ocrx_word' id='word_1_13' title='bbox 810 541 950 626; x_wconf 84' lang='lat' dir='ltr'>docent,</span> <span class='ocrx_word' id='word_1_14' title='bbox 981 569 1069 639; x_wconf 87' lang='lat' dir='ltr'>quae</span> <span class='ocrx_word' id='word_1_15' title='bbox 1094 547 1316 622; x_wconf 77' lang='lat' dir='ltr'>Athenienses</span> 
     </span>
     <span class='ocr_line' id='line_1_4' title="bbox 279 646 1318 738; baseline 0.011 -23"><span class='ocrx_word' id='word_1_16' title='bbox 279 670 450 716; x_wconf 88' lang='lat' dir='ltr'>armorum</span> <span class='ocrx_word' id='word_1_17' title='bbox 467 653 621 738; x_wconf 63' lang='lat' dir='ltr'>‘suornm</span> <span class='ocrx_word' id='word_1_18' title='bbox 657 670 817 716; x_wconf 83' lang='lat' dir='ltr'>snccessu-</span> <span class='ocrx_word' id='word_1_19' title='bbox 846 647 952 718; x_wconf 86' lang='lat' dir='ltr'>laetos</span> <span class='ocrx_word' id='word_1_20' title='bbox 986 646 1097 720; x_wconf 84' lang='lat' dir='ltr'>statim</span> <span class='ocrx_word' id='word_1_21' title='bbox 1136 654 1318 726; x_wconf 78' lang='lat' dir='ltr'>instituisse</span> 
     </span>
     <span class='ocr_line' id='line_1_5' title="bbox 278 747 1319 850; baseline 0.007 -30"><span class='ocrx_word' id='word_1_22' title='bbox 278 767 391 820; x_wconf 89' lang='lat' dir='ltr'>orator</span> <span class='ocrx_word' id='word_1_23' title='bbox 420 747 535 818; x_wconf 75' lang='lat' dir='ltr'>uadit·</span> <span class='ocrx_word' id='word_1_24' title='bbox 575 750 713 844; x_wconf 85' lang='lat' dir='ltr'>Pompis</span> <span class='ocrx_word' id='word_1_25' title='bbox 741 753 833 820; x_wconf 91' lang='lat' dir='ltr'>enim</span> <span class='ocrx_word' id='word_1_26' title='bbox 865 770 898 821; x_wconf 90' lang='lat' dir='ltr'>et</span> <span class='ocrx_word' id='word_1_27' title='bbox 919 751 1221 848; x_wconf 81' lang='lat' dir='ltr'>supplicationibus</span> <span class='ocrx_word' id='word_1_28' title='bbox 1242 783 1319 850; x_wconf 82' lang='lat' dir='ltr'>gra·</span> 
     </span>
     <span class='ocr_line' id='line_1_6' title="bbox 201 851 1315 954; baseline 0.006 -31"><span class='ocrx_word' id='word_1_29' title='bbox 201 945 207 954; x_wconf 33' lang='lat'><strong><em>¹</em></strong></span> <span class='ocrx_word' id='word_1_30' title='bbox 275 857 359 924; x_wconf 87' lang='lat' dir='ltr'>tiam</span> <span class='ocrx_word' id='word_1_31' title='bbox 390 853 457 923; x_wconf 87' lang='lat' dir='ltr'>diis</span> <span class='ocrx_word' id='word_1_32' title='bbox 486 851 649 948; x_wconf 80' lang='lat' dir='ltr'>agendam</span> <span class='ocrx_word' id='word_1_33' title='bbox 678 852 829 924; x_wconf 78' lang='lat' dir='ltr'>decresse</span> <span class='ocrx_word' id='word_1_34' title='bbox 861 879 917 926; x_wconf 88' lang='lat' dir='ltr'>eos</span> <span class='ocrx_word' id='word_1_35' title='bbox 942 857 1046 926; x_wconf 79' lang='lat' dir='ltr'>refert</span> <span class='ocrx_word' id='word_1_36' title='bbox 1071 856 1094 926; x_wconf 85' lang='lat' dir='ltr'>l.</span> <span class='ocrx_word' id='word_1_37' title='bbox 1121 855 1151 928; x_wconf 86' lang='lat' dir='ltr'>c.</span> <span class='ocrx_word' id='word_1_38' title='bbox 1180 885 1217 954; x_wconf 99' lang='grc' dir='ltr'>Ρ.</span> <span class='ocrx_word' id='word_1_39' title='bbox 1240 864 1315 933; x_wconf 84' lang='grc' dir='ltr'>3οι.</span> 
     </span>
     <span class='ocr_line' id='line_1_7' title="bbox 170 957 1316 1051; baseline 0.011 -29"><span class='ocrx_word' id='word_1_40' title='bbox 170 1005 173 1022; x_wconf 91' lang='grc'>,</span> <span class='ocrx_word' id='word_1_41' title='bbox 275 962 394 1050; x_wconf 82' lang='lat' dir='ltr'>Itaque</span> <span class='ocrx_word' id='word_1_42' title='bbox 413 981 558 1051; x_wconf 87' lang='lat' dir='ltr'>pompae</span> <span class='ocrx_word' id='word_1_43' title='bbox 577 957 771 1028; x_wconf 85' lang='lat' dir='ltr'>referendae</span> <span class='ocrx_word' id='word_1_44' title='bbox 801 960 976 1036; x_wconf 86' lang='lat' dir='ltr'>commode</span> <span class='ocrx_word' id='word_1_45' title='bbox 1003 961 1161 1032; x_wconf 82' lang='lat' dir='ltr'>videntur</span> <span class='ocrx_word' id='word_1_46' title='bbox 1187 964 1232 1033; x_wconf 88' lang='lat' dir='ltr'>ad</span> <span class='ocrx_word' id='word_1_47' title='bbox 1252 967 1316 1036; x_wconf 85' lang='lat' dir='ltr'>Pa-</span> 
     </span>
     <span class='ocr_line' id='line_1_8' title="bbox 272 1055 1315 1162; baseline 0.006 -28"><span class='ocrx_word' id='word_1_48' title='bbox 272 1064 458 1134; x_wconf 85' lang='lat' dir='ltr'>nathenaea</span> <span class='ocrx_word' id='word_1_49' title='bbox 476 1085 598 1154; x_wconf 81' lang='lat' dir='ltr'>magua</span> <span class='ocrx_word' id='word_1_50' title='bbox 620 1087 706 1158; x_wconf 84' lang='lat' dir='ltr'>qnae</span> <span class='ocrx_word' id='word_1_51' title='bbox 732 1088 820 1135; x_wconf 89' lang='lat' dir='ltr'>anuo</span> <span class='ocrx_word' id='word_1_52' title='bbox 841 1063 920 1148; x_wconf 84' lang='lat' dir='ltr'>illo,</span> <span class='ocrx_word' id='word_1_53' title='bbox 947 1066 1086 1162; x_wconf 83' lang='lat' dir='ltr'>Olymp.</span> <span class='ocrx_word' id='word_1_54' title='bbox 1110 1069 1184 1154; x_wconf 85' lang='lat' dir='ltr'>CX,</span> <span class='ocrx_word' id='word_1_55' title='bbox 1206 1055 1239 1155; x_wconf 77' lang='lat'>3,</span> <span class='ocrx_word' id='word_1_56' title='bbox 1261 1095 1315 1140; x_wconf 87' lang='lat' dir='ltr'>ar·</span> 
     </span>
     <span class='ocr_line' id='line_1_9' title="bbox 227 1165 1314 1260; baseline 0.006 -24"><span class='ocrx_word' id='word_1_57' title='bbox 227 1189 230 1198; x_wconf 83' lang='lat'><strong>·</strong></span> <span class='ocrx_word' id='word_1_58' title='bbox 274 1169 398 1260; x_wconf 59' lang='lat' dir='ltr'>monte</span> <span class='ocrx_word' id='word_1_59' title='bbox 431 1165 647 1249; x_wconf 86' lang='lat' dir='ltr'>Chaeronda,</span> <span class='ocrx_word' id='word_1_60' title='bbox 673 1190 711 1235; x_wconf 87' lang='lat' dir='ltr'>re</span> <span class='ocrx_word' id='word_1_61' title='bbox 738 1193 816 1238; x_wconf 84' lang='lat' dir='ltr'>vera</span> <span class='ocrx_word' id='word_1_62' title='bbox 843 1169 1007 1238; x_wconf 89' lang='lat' dir='ltr'>celebrata</span> <span class='ocrx_word' id='word_1_63' title='bbox 1025 1193 1114 1240; x_wconf 86' lang='lat' dir='ltr'>esse.</span> <span class='ocrx_word' id='word_1_64' title='bbox 1133 1169 1231 1252; x_wconf 83' lang='lat' dir='ltr'>docet</span> <span class='ocrx_word' id='word_1_65' title='bbox 1258 1177 1314 1242; x_wconf 87' lang='lat' dir='ltr'>iu-</span> 
     </span>
     <span class='ocr_line' id='line_1_10' title="bbox 273 1269 1312 1366; baseline 0.005 -25"><span class='ocrx_word' id='word_1_66' title='bbox 273 1273 429 1366; x_wconf 79' lang='lat' dir='ltr'>scriptio,</span> <span class='ocrx_word' id='word_1_67' title='bbox 462 1281 562 1365; x_wconf 80' lang='lat' dir='ltr'>quam</span> <span class='ocrx_word' id='word_1_68' title='bbox 594 1269 701 1340; x_wconf 84' lang='lat' dir='ltr'>edidit</span> <span class='ocrx_word' id='word_1_69' title='bbox 725 1272 871 1342; x_wconf 85' lang='lat' dir='ltr'>Boeclth.</span> <span class='ocrx_word' id='word_1_70' title='bbox 901 1275 939 1342; x_wconf 91' lang='lat' dir='ltr'>in</span> <span class='ocrx_word' id='word_1_71' title='bbox 969 1273 1096 1344; x_wconf 91' lang='lat' dir='ltr'>Oeccn.</span> <span class='ocrx_word' id='word_1_72' title='bbox 1129 1277 1201 1348; x_wconf 83' lang='lat' dir='ltr'>civ.</span> <span class='ocrx_word' id='word_1_73' title='bbox 1230 1279 1312 1348; x_wconf 82' lang='lat' dir='ltr'>Ath.</span> 
     </span>
     <span class='ocr_line' id='line_1_11' title="bbox 271 1373 1311 1478; baseline 0.006 -32"><span class='ocrx_word' id='word_1_74' title='bbox 271 1376 350 1454; x_wconf 84' lang='lat' dir='ltr'>Vol.</span> <span class='ocrx_word' id='word_1_75' title='bbox 373 1373 416 1460; x_wconf 88' lang='lat'>11,</span> <span class='ocrx_word' id='word_1_76' title='bbox 437 1402 473 1469; x_wconf 90' lang='grc' dir='ltr'>Ρ.</span> <span class='ocrx_word' id='word_1_77' title='bbox 499 1377 572 1459; x_wconf 82' lang='lat'><strong>165,</strong></span> <span class='ocrx_word' id='word_1_78' title='bbox 594 1373 718 1451; x_wconf 83' lang='lat' dir='ltr'>deiude</span> <span class='ocrx_word' id='word_1_79' title='bbox 740 1375 1020 1470; x_wconf 57' lang='lat' dir='ltr'>inCcrptlnscr.</span> <span class='ocrx_word' id='word_1_80' title='bbox 1043 1379 1204 1454; x_wconf 71' lang='lat' dir='ltr'>Gesvcl.</span> <span class='ocrx_word' id='word_1_81' title='bbox 1226 1385 1252 1450; x_wconf 90' lang='lat'>1.</span> <span class='ocrx_word' id='word_1_82' title='bbox 1274 1409 1311 1478; x_wconf 88' lang='lat' dir='ltr'>p.</span> 
     </span>
     <span class='ocr_line' id='line_1_12' title="bbox 271 1480 1315 1574; baseline 0.003 -20"><span class='ocrx_word' id='word_1_83' title='bbox 271 1483 347 1554; x_wconf 82' lang='lat'>363.</span> <span class='ocrx_word' id='word_1_84' title='bbox 391 1480 621 1549; x_wconf 70' lang='lat' dir='ltr'>Panathenaea</span> <span class='ocrx_word' id='word_1_85' title='bbox 648 1496 900 1574; x_wconf 82' lang='lat' dir='ltr'>autemmagua</span> <span class='ocrx_word' id='word_1_86' title='bbox 921 1483 1086 1552; x_wconf 85' lang='lat' dir='ltr'>celebrata</span> <span class='ocrx_word' id='word_1_87' title='bbox 1108 1507 1177 1554; x_wconf 88' lang='lat' dir='ltr'>esse</span> <span class='ocrx_word' id='word_1_88' title='bbox 1204 1485 1315 1556; x_wconf 82' lang='lat' dir='ltr'>Heca-</span> 
     </span>
     <span class='ocr_line' id='line_1_13' title="bbox 271 1583 1312 1662; baseline 0.008 -7"><span class='ocrx_word' id='word_1_89' title='bbox 271 1587 478 1658; x_wconf 87' lang='lat' dir='ltr'>tcmhaeonis</span> <span class='ocrx_word' id='word_1_90' title='bbox 507 1583 564 1652; x_wconf 91' lang='lat' dir='ltr'>die</span> <span class='ocrx_word' id='word_1_91' title='bbox 592 1584 746 1654; x_wconf 86' lang='lat' dir='ltr'>XXVIII</span> <span class='ocrx_word' id='word_1_92' title='bbox 773 1583 889 1656; x_wconf 89' lang='lat' dir='ltr'>docuit</span> <span class='ocrx_word' id='word_1_93' title='bbox 918 1586 1048 1658; x_wconf 86' lang='lat' dir='ltr'>Corsin.</span> <span class='ocrx_word' id='word_1_94' title='bbox 1083 1588 1124 1656; x_wconf 87' lang='lat' dir='ltr'>F.</span> <span class='ocrx_word' id='word_1_95' title='bbox 1151 1589 1192 1656; x_wconf 64' lang='lat' dir='ltr'>rh</span> <span class='ocrx_word' id='word_1_96' title='bbox 1228 1591 1312 1662; x_wconf 85' lang='lat' dir='ltr'>vot</span> 
     </span>
     <span class='ocr_line' id='line_1_14' title="bbox 269 1687 1312 1785; baseline 0.004 -25"><span class='ocrx_word' id='word_1_97' title='bbox 269 1693 320 1775; x_wconf 88' lang='lat'>11,</span> <span class='ocrx_word' id='word_1_98' title='bbox 349 1717 385 1785; x_wconf 89' lang='grc' dir='ltr'>Ρ.</span> <span class='ocrx_word' id='word_1_99' title='bbox 414 1692 489 1782; x_wconf 76' lang='grc'><strong>357.</strong></span> <span class='ocrx_word' id='word_1_100' title='bbox 535 1687 588 1756; x_wconf 79' lang='lat' dir='ltr'>cf.</span> <span class='ocrx_word' id='word_1_101' title='bbox 616 1688 763 1756; x_wconf 81' lang='lat' dir='ltr'>Boeclth.</span> <span class='ocrx_word' id='word_1_102' title='bbox 790 1691 828 1758; x_wconf 87' lang='lat' dir='ltr'>in</span> <span class='ocrx_word' id='word_1_103' title='bbox 856 1691 985 1760; x_wconf 80' lang='lat' dir='ltr'>Oecon.</span> <span class='ocrx_word' id='word_1_104' title='bbox 1011 1693 1073 1761; x_wconf 83' lang='lat' dir='ltr'>cir.</span> <span class='ocrx_word' id='word_1_105' title='bbox 1106 1692 1186 1761; x_wconf 85' lang='lat' dir='ltr'>Ath.</span> <span class='ocrx_word' id='word_1_106' title='bbox 1216 1694 1242 1764; x_wconf 81' lang='lat' dir='ltr'>l.</span> <span class='ocrx_word' id='word_1_107' title='bbox 1279 1721 1312 1766; x_wconf 91' lang='lat' dir='ltr'>c.</span> 
     </span>
     <span class='ocr_line' id='line_1_15' title="bbox 268 1793 1313 1890; baseline 0.006 -26"><span class='ocrx_word' id='word_1_108' title='bbox 268 1799 310 1864; x_wconf 90' lang='lat' dir='ltr'>In</span> <span class='ocrx_word' id='word_1_109' title='bbox 331 1795 458 1864; x_wconf 84' lang='lat' dir='ltr'>eisdem</span> <span class='ocrx_word' id='word_1_110' title='bbox 486 1794 615 1885; x_wconf 84' lang='lat' dir='ltr'>maguis</span> <span class='ocrx_word' id='word_1_111' title='bbox 643 1793 882 1864; x_wconf 87' lang='lat' dir='ltr'>Panathenaeis</span> <span class='ocrx_word' id='word_1_112' title='bbox 905 1794 1043 1890; x_wconf 81' lang='lat' dir='ltr'>Olymp.</span> <span class='ocrx_word' id='word_1_113' title='bbox 1067 1795 1146 1882; x_wconf 89' lang='lat' dir='ltr'>CX,</span> <span class='ocrx_word' id='word_1_114' title='bbox 1168 1799 1313 1877; x_wconf 63' lang='lat' dir='ltr'>deoro-</span> 
     </span>
    </p>
   </div>
   <div class='ocr_carea' id='block_1_3' title="bbox 266 1895 1311 2077">
    <p class='ocr_par' dir='ltr' id='par_1_3' title="bbox 266 1895 1311 2077">
     <span class='ocr_line' id='line_1_16' title="bbox 266 1895 1311 1996; baseline 0.005 -27"><span class='ocrx_word' id='word_1_115' title='bbox 266 1919 366 1970; x_wconf 86' lang='lat' dir='ltr'>nstus</span> <span class='ocrx_word' id='word_1_116' title='bbox 388 1903 488 1968; x_wconf 86' lang='lat' dir='ltr'>etiam</span> <span class='ocrx_word' id='word_1_117' title='bbox 509 1895 720 1964; x_wconf 78' lang='lat' dir='ltr'>hauddubie</span> <span class='ocrx_word' id='word_1_118' title='bbox 742 1898 983 1968; x_wconf 78' lang='lat' dir='ltr'>Demosthenes</span> <span class='ocrx_word' id='word_1_119' title='bbox 1005 1917 1054 1968; x_wconf 86' lang='lat' dir='ltr'>est</span> <span class='ocrx_word' id='word_1_120' title='bbox 1075 1899 1120 1970; x_wconf 89' lang='lat' dir='ltr'>ob</span> <span class='ocrx_word' id='word_1_121' title='bbox 1141 1925 1195 1984; x_wconf 86' lang='lat' dir='ltr'>ea,</span> <span class='ocrx_word' id='word_1_122' title='bbox 1218 1929 1311 1996; x_wconf 85' lang='lat' dir='ltr'>quae</span> 
     </span>
     <span class='ocr_line' id='line_1_17' title="bbox 266 1982 1309 2077; baseline 0.001 -17"><span class='ocrx_word' id='word_1_123' title='bbox 266 1988 494 2060; x_wconf 86' lang='lat' dir='ltr'>recentissime</span> <span class='ocrx_word' id='word_1_124' title='bbox 516 1982 559 2053; x_wconf 90' lang='lat' dir='ltr'>de</span> <span class='ocrx_word' id='word_1_125' title='bbox 580 2009 617 2052; x_wconf 88' lang='lat' dir='ltr'>re</span> <span class='ocrx_word' id='word_1_126' title='bbox 638 1984 778 2077; x_wconf 85' lang='lat' dir='ltr'>publica</span> <span class='ocrx_word' id='word_1_127' title='bbox 798 1987 885 2053; x_wconf 88' lang='lat' dir='ltr'>hene</span> <span class='ocrx_word' id='word_1_128' title='bbox 902 2003 1078 2072; x_wconf 88' lang='lat' dir='ltr'>meruerat,</span> <span class='ocrx_word' id='word_1_129' title='bbox 1100 2012 1141 2056; x_wconf 83' lang='lat' dir='ltr'>ex</span> <span class='ocrx_word' id='word_1_130' title='bbox 1161 1987 1309 2061; x_wconf 82' lang='lat' dir='ltr'>decretis</span> 
     </span>
    </p>
   </div>
   <div class='ocr_carea' id='block_1_4' title="bbox 165 2087 1309 2288">
    <p class='ocr_par' dir='ltr' id='par_1_4' title="bbox 165 2087 1309 2288">
     <span class='ocr_line' id='line_1_18' title="bbox 264 2087 1309 2186; baseline -0.007 -24"><span class='ocrx_word' id='word_1_131' title='bbox 264 2090 472 2162; x_wconf 89' lang='lat' dir='ltr'>Demomelis</span> <span class='ocrx_word' id='word_1_132' title='bbox 505 2106 539 2157; x_wconf 90' lang='lat' dir='ltr'>ct</span> <span class='ocrx_word' id='word_1_133' title='bbox 565 2087 763 2181; x_wconf 83' lang='lat' dir='ltr'>Hyperidis,</span> <span class='ocrx_word' id='word_1_134' title='bbox 797 2090 834 2158; x_wconf 90' lang='lat' dir='ltr'>iu</span> <span class='ocrx_word' id='word_1_135' title='bbox 862 2113 945 2184; x_wconf 88' lang='lat' dir='ltr'>qnos</span> <span class='ocrx_word' id='word_1_136' title='bbox 976 2091 1142 2160; x_wconf 87' lang='lat' dir='ltr'>incassum</span> <span class='ocrx_word' id='word_1_137' title='bbox 1178 2096 1309 2186; x_wconf 66' lang='grc' dir='ltr'><strong><em>γραφὴν</em></strong></span> 
     </span>
     <span class='ocr_line' id='line_1_19' title="bbox 165 2191 1306 2288; baseline -0.002 -18"><span class='ocrx_word' id='word_1_138' title='bbox 165 2265 168 2270; x_wconf 18' lang='grc' dir='ltr'><em>Α</em></span> <span class='ocrx_word' id='word_1_139' title='bbox 264 2194 456 2288; x_wconf 80' lang='grc' dir='ltr'><strong><em>παρανόμων</em></strong></span> <span class='ocrx_word' id='word_1_140' title='bbox 475 2191 622 2262; x_wconf 86' lang='lat' dir='ltr'>intendit</span> <span class='ocrx_word' id='word_1_141' title='bbox 642 2191 802 2277; x_wconf 88' lang='lat' dir='ltr'>Diondas,</span> <span class='ocrx_word' id='word_1_142' title='bbox 824 2211 905 2264; x_wconf 88' lang='lat' dir='ltr'>teste</span> <span class='ocrx_word' id='word_1_143' title='bbox 921 2195 1146 2265; x_wconf 86' lang='lat' dir='ltr'>Demosthene</span> <span class='ocrx_word' id='word_1_144' title='bbox 1167 2199 1211 2266; x_wconf 90' lang='lat' dir='ltr'>de</span> <span class='ocrx_word' id='word_1_145' title='bbox 1232 2223 1306 2274; x_wconf 82' lang='lat' dir='ltr'>cor.</span> 
     </span>
    </p>
   </div>
   <div class='ocr_carea' id='block_1_5' title="bbox 65 2297 1305 2398">
    <p class='ocr_par' dir='ltr' id='par_1_5' title="bbox 65 2297 1305 2398">
     <span class='ocr_line' id='line_1_20' title="bbox 65 2297 1305 2398; baseline 0.008 -36"><span class='ocrx_word' id='word_1_146' title='bbox 65 2335 68 2344; x_wconf 87' lang='lat'>·</span> <span class='ocrx_word' id='word_1_147' title='bbox 160 2381 162 2384; x_wconf 16' lang='grc' dir='ltr'>Ι</span> <span class='ocrx_word' id='word_1_148' title='bbox 262 2326 298 2398; x_wconf 86' lang='grc' dir='ltr'>Ρ.</span> <span class='ocrx_word' id='word_1_149' title='bbox 321 2303 434 2391; x_wconf 54' lang='grc' dir='ltr'>δον).</span> <span class='ocrx_word' id='word_1_150' title='bbox 479 2297 581 2369; x_wconf 87' lang='lat' dir='ltr'>Unde</span> <span class='ocrx_word' id='word_1_151' title='bbox 614 2297 812 2394; x_wconf 85' lang='lat' dir='ltr'>Philippum</span> <span class='ocrx_word' id='word_1_152' title='bbox 833 2299 956 2370; x_wconf 88' lang='lat' dir='ltr'>coniici</span> <span class='ocrx_word' id='word_1_153' title='bbox 975 2301 1082 2394; x_wconf 89' lang='lat' dir='ltr'>possit</span> <span class='ocrx_word' id='word_1_154' title='bbox 1107 2300 1220 2374; x_wconf 87' lang='lat' dir='ltr'>medic</span> <span class='ocrx_word' id='word_1_155' title='bbox 1241 2302 1305 2372; x_wconf 84' lang='lat' dir='ltr'>de-</span> 
     </span>
    </p>
   </div>
   <div class='ocr_carea' id='block_1_6' title="bbox 261 2481 573 2504">
    <p class='ocr_par' dir='ltr' id='par_1_6' title="bbox 261 2481 573 2504">
     <span class='ocr_line' id='line_1_21' title="bbox 261 2481 573 2504; baseline -0.006 0"><span class='ocrx_word' id='word_1_156' title='bbox 261 2481 573 2504; x_wconf 59' lang='lat' dir='ltr'><em>w</em></span> 
     </span>
    </p>
   </div>
   <div class='ocr_carea' id='block_1_7' title="bbox 200 2619 1370 4098">
    <p class='ocr_par' dir='ltr' id='par_1_7' title="bbox 200 2619 1370 4098">
     <span class='ocr_line' id='line_1_22' title="bbox 303 2619 1301 2708; baseline 0.002 -22"><span class='ocrx_word' id='word_1_157' title='bbox 303 2619 330 2708; x_wconf 80' lang='lat'>‘)</span> <span class='ocrx_word' id='word_1_158' title='bbox 358 2623 563 2687; x_wconf 86' lang='lat' dir='ltr'>Panathenaeis</span> <span class='ocrx_word' id='word_1_159' title='bbox 589 2621 697 2705; x_wconf 84' lang='lat' dir='ltr'>magnis</span> <span class='ocrx_word' id='word_1_160' title='bbox 723 2623 852 2698; x_wconf 76' lang='lat' dir='ltr'>coronati</span> <span class='ocrx_word' id='word_1_161' title='bbox 887 2624 970 2686; x_wconf 87' lang='lat' dir='ltr'>etiam</span> <span class='ocrx_word' id='word_1_162' title='bbox 999 2637 1064 2686; x_wconf 87' lang='lat' dir='ltr'>sunt</span> <span class='ocrx_word' id='word_1_163' title='bbox 1092 2623 1239 2686; x_wconf 87' lang='lat' dir='ltr'>Diotimus</span> <span class='ocrx_word' id='word_1_164' title='bbox 1267 2643 1301 2688; x_wconf 89' lang='lat' dir='ltr'>et</span> 
     </span>
     <span class='ocr_line' id='line_1_23' title="bbox 200 2703 1300 2794; baseline 0.002 -22"><span class='ocrx_word' id='word_1_165' title='bbox 200 2717 205 2732; x_wconf 87' lang='grc'><strong>“</strong></span> <span class='ocrx_word' id='word_1_166' title='bbox 267 2777 270 2782; x_wconf 21' lang='grc' dir='ltr'><strong><em>Δ</em></strong></span> <span class='ocrx_word' id='word_1_167' title='bbox 346 2709 535 2772; x_wconf 81' lang='lat' dir='ltr'>Charidemus</span> <span class='ocrx_word' id='word_1_168' title='bbox 557 2703 593 2773; x_wconf 74' lang='lat' dir='ltr'>ex</span> <span class='ocrx_word' id='word_1_169' title='bbox 614 2709 733 2770; x_wconf 88' lang='lat' dir='ltr'>decreto</span> <span class='ocrx_word' id='word_1_170' title='bbox 756 2709 862 2780; x_wconf 83' lang='lat' dir='ltr'>Calliae</span> <span class='ocrx_word' id='word_1_171' title='bbox 884 2733 915 2794; x_wconf 89' lang='lat' dir='ltr'>p.</span> <span class='ocrx_word' id='word_1_172' title='bbox 946 2711 1017 2772; x_wconf 78' lang='lat'><strong>265.</strong></span> <span class='ocrx_word' id='word_1_173' title='bbox 1060 2711 1104 2772; x_wconf 80' lang='lat' dir='ltr'>At·</span> <span class='ocrx_word' id='word_1_174' title='bbox 1122 2713 1300 2774; x_wconf 90' lang='lat' dir='ltr'>Demosthe-</span> 
     </span>
     <span class='ocr_line' id='line_1_24' title="bbox 215 2795 1299 2880; baseline 0.003 -22"><span class='ocrx_word' id='word_1_175' title='bbox 215 2837 217 2842; x_wconf 86' lang='lat'><em>·</em></span> <span class='ocrx_word' id='word_1_176' title='bbox 345 2819 397 2858; x_wconf 87' lang='lat' dir='ltr'>nes</span> <span class='ocrx_word' id='word_1_177' title='bbox 426 2796 602 2857; x_wconf 80' lang='lat' dir='ltr'>Demomel&#39;ss</span> <span class='ocrx_word' id='word_1_178' title='bbox 629 2795 847 2880; x_wconf 83' lang='lat' dir='ltr'>Hyperidisque</span> <span class='ocrx_word' id='word_1_179' title='bbox 876 2795 991 2857; x_wconf 89' lang='lat' dir='ltr'>decreta</span> <span class='ocrx_word' id='word_1_180' title='bbox 1018 2795 1126 2858; x_wconf 82' lang='lat' dir='ltr'>eisdem</span> <span class='ocrx_word' id='word_1_181' title='bbox 1147 2798 1244 2859; x_wconf 84' lang='lat' dir='ltr'>verbis</span> <span class='ocrx_word' id='word_1_182' title='bbox 1266 2816 1299 2862; x_wconf 88' lang='lat' dir='ltr'>et</span> 
     </span>
     <span class='ocr_line' id='line_1_25' title="bbox 343 2880 1297 2966; baseline 0.001 -20"><span class='ocrx_word' id='word_1_183' title='bbox 343 2882 460 2966; x_wconf 79' lang='lat' dir='ltr'>syllabis</span> <span class='ocrx_word' id='word_1_184' title='bbox 497 2884 657 2966; x_wconf 79' lang='lat' dir='ltr'>conscripta</span> <span class='ocrx_word' id='word_1_185' title='bbox 686 2904 748 2942; x_wconf 88' lang='lat' dir='ltr'>esse</span> <span class='ocrx_word' id='word_1_186' title='bbox 778 2880 865 2962; x_wconf 68' lang='lat' dir='ltr'>dicit,</span> <span class='ocrx_word' id='word_1_187' title='bbox 895 2883 1003 2966; x_wconf 87' lang='lat' dir='ltr'>quibus</span> <span class='ocrx_word' id='word_1_188' title='bbox 1030 2885 1113 2944; x_wconf 84' lang='lat' dir='ltr'>etiam</span> <span class='ocrx_word' id='word_1_189' title='bbox 1145 2884 1297 2948; x_wconf 89' lang='lat' dir='ltr'>decretum</span> 
     </span>
     <span class='ocr_line' id='line_1_26' title="bbox 343 2967 1297 3056; baseline 0.001 -23"><span class='ocrx_word' id='word_1_190' title='bbox 343 2970 540 3054; x_wconf 87' lang='lat' dir='ltr'>Ctesiphontis</span> <span class='ocrx_word' id='word_1_191' title='bbox 562 2983 591 3030; x_wconf 88' lang='lat' dir='ltr'>et</span> <span class='ocrx_word' id='word_1_192' title='bbox 611 2971 775 3048; x_wconf 81' lang='lat' dir='ltr'>Aristonici,</span> <span class='ocrx_word' id='word_1_193' title='bbox 804 2971 873 3031; x_wconf 88' lang='lat' dir='ltr'>olim</span> <span class='ocrx_word' id='word_1_194' title='bbox 894 2971 955 3047; x_wconf 84' lang='lat' dir='ltr'>(Ol.</span> <span class='ocrx_word' id='word_1_195' title='bbox 972 2970 1058 3049; x_wconf 87' lang='lat' dir='ltr'><strong>·c1x,</strong></span> <span class='ocrx_word' id='word_1_196' title='bbox 1079 2967 1115 3056; x_wconf 75' lang='grc'>4)</span> <span class='ocrx_word' id='word_1_197' title='bbox 1137 2971 1175 3033; x_wconf 93' lang='lat' dir='ltr'>de</span> <span class='ocrx_word' id='word_1_198' title='bbox 1197 2993 1230 3033; x_wconf 86' lang='lat' dir='ltr'>se</span> <span class='ocrx_word' id='word_1_199' title='bbox 1251 2974 1297 3034; x_wconf 80' lang='lat' dir='ltr'>la-</span> 
     </span>
     <span class='ocr_line' id='line_1_27' title="bbox 341 3054 1295 3140; baseline 0.001 -20"><span class='ocrx_word' id='word_1_200' title='bbox 341 3073 412 3121; x_wconf 86' lang='lat' dir='ltr'>tum.</span> <span class='ocrx_word' id='word_1_201' title='bbox 456 3057 558 3140; x_wconf 89' lang='lat' dir='ltr'>ltaque</span> <span class='ocrx_word' id='word_1_202' title='bbox 580 3059 609 3118; x_wconf 94' lang='lat' dir='ltr'>in</span> <span class='ocrx_word' id='word_1_203' title='bbox 630 3058 685 3118; x_wconf 90' lang='lat' dir='ltr'>illis</span> <span class='ocrx_word' id='word_1_204' title='bbox 718 3059 802 3117; x_wconf 83' lang='lat' dir='ltr'>etiam</span> <span class='ocrx_word' id='word_1_205' title='bbox 822 3059 961 3140; x_wconf 88' lang='lat' dir='ltr'>scriptum</span> <span class='ocrx_word' id='word_1_206' title='bbox 983 3057 1104 3128; x_wconf 79' lang='lat' dir='ltr'>dixeris:</span> <span class='ocrx_word' id='word_1_207' title='bbox 1135 3055 1186 3118; x_wconf 74' lang='lat' dir='ltr'>acl</span> <span class='ocrx_word' id='word_1_208' title='bbox 1213 3054 1295 3122; x_wconf 78' lang='grc' dir='ltr'><strong><em>ἅνα-</em></strong></span> 
     </span>
     <span class='ocr_line' id='line_1_28' title="bbox 265 3138 1294 3230; baseline -0.002 -20"><span class='ocrx_word' id='word_1_209' title='bbox 265 3187 268 3194; x_wconf 90' lang='lat'><strong>·</strong></span> <span class='ocrx_word' id='word_1_210' title='bbox 339 3146 484 3230; x_wconf 67' lang='lat' dir='ltr'>yronicos</span> <span class='ocrx_word' id='word_1_211' title='bbox 505 3138 561 3208; x_wconf 79' lang='grc' dir='ltr'>τὸν</span> <span class='ocrx_word' id='word_1_212' title='bbox 582 3139 736 3229; x_wconf 73' lang='grc' dir='ltr'><strong><em>στέφανον</em></strong></span> <span class='ocrx_word' id='word_1_213' title='bbox 757 3142 790 3205; x_wconf 75' lang='grc' dir='ltr'>ἐν</span> <span class='ocrx_word' id='word_1_214' title='bbox 809 3145 855 3230; x_wconf 76' lang='grc' dir='ltr'>τῷ</span> <span class='ocrx_word' id='word_1_215' title='bbox 876 3138 1003 3230; x_wconf 74' lang='grc' dir='ltr'><strong><em>θεάτρῳ</em></strong></span> <span class='ocrx_word' id='word_1_216' title='bbox 1014 3142 1192 3218; x_wconf 72' lang='grc' dir='ltr'><strong><em>Διονυσίοις</em></strong></span> <span class='ocrx_word' id='word_1_217' title='bbox 1212 3167 1294 3230; x_wconf 81' lang='grc' dir='ltr'><strong><em>τρα-</em></strong></span> 
     </span>
     <span class='ocr_line' id='line_1_29' title="bbox 338 3231 1293 3318; baseline 0.001 -24"><span class='ocrx_word' id='word_1_218' title='bbox 338 3231 452 3318; x_wconf 74' lang='grc' dir='ltr'><strong><em>γῳδοῖς</em></strong></span> <span class='ocrx_word' id='word_1_219' title='bbox 471 3235 597 3304; x_wconf 76' lang='grc' dir='ltr'>καινοῖς.</span> <span class='ocrx_word' id='word_1_220' title='bbox 641 3233 703 3293; x_wconf 51' lang='grc' dir='ltr'>δῖοι</span> <span class='ocrx_word' id='word_1_221' title='bbox 721 3247 816 3294; x_wconf 89' lang='lat' dir='ltr'>autem</span> <span class='ocrx_word' id='word_1_222' title='bbox 837 3233 984 3314; x_wconf 81' lang='lat' dir='ltr'>Dionysiis</span> <span class='ocrx_word' id='word_1_223' title='bbox 1006 3248 1156 3293; x_wconf 84' lang='lat' dir='ltr'>coronatus</span> <span class='ocrx_word' id='word_1_224' title='bbox 1178 3233 1293 3295; x_wconf 89' lang='lat' dir='ltr'>Demo-</span> 
     </span>
     <span class='ocr_line' id='line_1_30' title="bbox 339 3313 1292 3398; baseline 0 -16"><span class='ocrx_word' id='word_1_225' title='bbox 339 3323 453 3382; x_wconf 81' lang='lat' dir='ltr'>sthenes</span> <span class='ocrx_word' id='word_1_226' title='bbox 481 3334 524 3380; x_wconf 86' lang='lat' dir='ltr'>est</span> <span class='ocrx_word' id='word_1_227' title='bbox 550 3334 615 3379; x_wconf 87' lang='lat' dir='ltr'>ante</span> <span class='ocrx_word' id='word_1_228' title='bbox 650 3318 760 3378; x_wconf 84' lang='lat' dir='ltr'>cladem</span> <span class='ocrx_word' id='word_1_229' title='bbox 791 3317 1035 3398; x_wconf 85' lang='lat' dir='ltr'>Chaeronensem,</span> <span class='ocrx_word' id='word_1_230' title='bbox 1067 3313 1220 3380; x_wconf 81' lang='lat' dir='ltr'>¹coronatus</span> <span class='ocrx_word' id='word_1_231' title='bbox 1254 3321 1292 3382; x_wconf 80' lang='lat' dir='ltr'>sit</span> 
     </span>
     <span class='ocr_line' id='line_1_31' title="bbox 336 3404 1291 3490; baseline 0 -23"><span class='ocrx_word' id='word_1_232' title='bbox 336 3427 453 3467; x_wconf 86' lang='lat' dir='ltr'>necesse</span> <span class='ocrx_word' id='word_1_233' title='bbox 483 3421 526 3466; x_wconf 88' lang='lat' dir='ltr'>est</span> <span class='ocrx_word' id='word_1_234' title='bbox 555 3404 784 3488; x_wconf 84' lang='lat' dir='ltr'>Elaphebolionc</span> <span class='ocrx_word' id='word_1_235' title='bbox 806 3404 854 3466; x_wconf 93' lang='lat' dir='ltr'>Ol.</span> <span class='ocrx_word' id='word_1_236' title='bbox 867 3405 944 3484; x_wconf 70' lang='lat' dir='ltr'>CX,</span> <span class='ocrx_word' id='word_1_237' title='bbox 968 3425 997 3484; x_wconf 83' lang='lat'>2,</span> <span class='ocrx_word' id='word_1_238' title='bbox 1019 3405 1101 3490; x_wconf 81' lang='lat' dir='ltr'>qu&#39;od</span> <span class='ocrx_word' id='word_1_239' title='bbox 1124 3404 1219 3467; x_wconf 88' lang='lat' dir='ltr'>ordini</span> <span class='ocrx_word' id='word_1_240' title='bbox 1240 3431 1291 3468; x_wconf 88' lang='lat' dir='ltr'>re-</span> 
     </span>
     <span class='ocr_line' id='line_1_32' title="bbox 337 3492 1290 3572; baseline 0.001 -17"><span class='ocrx_word' id='word_1_241' title='bbox 337 3515 403 3555; x_wconf 86' lang='lat' dir='ltr'>rum</span> <span class='ocrx_word' id='word_1_242' title='bbox 425 3493 541 3554; x_wconf 85' lang='lat' dir='ltr'>omnino</span> <span class='ocrx_word' id='word_1_243' title='bbox 562 3494 714 3572; x_wconf 78' lang='lat' dir='ltr'>rc&#39;puguat.</span> <span class='ocrx_word' id='word_1_244' title='bbox 757 3492 890 3554; x_wconf 80' lang='lat' dir='ltr'>Attamen</span> <span class='ocrx_word' id='word_1_245' title='bbox 912 3515 970 3553; x_wconf 89' lang='lat' dir='ltr'>nun</span> <span class='ocrx_word' id='word_1_246' title='bbox 992 3495 1048 3554; x_wconf 94' lang='lat' dir='ltr'>hoc</span> <span class='ocrx_word' id='word_1_247' title='bbox 1069 3494 1153 3558; x_wconf 86' lang='lat' dir='ltr'>etiam</span> <span class='ocrx_word' id='word_1_248' title='bbox 1175 3495 1290 3556; x_wconf 81' lang='lat' dir='ltr'>axillis</span> 
     </span>
     <span class='ocr_line' id='line_1_33' title="bbox 335 3577 1289 3658; baseline -0.002 -14"><span class='ocrx_word' id='word_1_249' title='bbox 335 3579 537 3644; x_wconf 87' lang='lat' dir='ltr'>Demosthenis</span> <span class='ocrx_word' id='word_1_250' title='bbox 565 3579 660 3638; x_wconf 85' lang='lat' dir='ltr'>verbis</span> <span class='ocrx_word' id='word_1_251' title='bbox 688 3577 919 3640; x_wconf 87' lang='lat' dir='ltr'>concludendum</span> <span class='ocrx_word' id='word_1_252' title='bbox 947 3579 1069 3658; x_wconf 85' lang='lat' dir='ltr'>videtur.</span> <span class='ocrx_word' id='word_1_253' title='bbox 1119 3579 1289 3642; x_wconf 83' lang='lat' dir='ltr'>Laudarunt</span> 
     </span>
     <span class='ocr_line' id='line_1_34' title="bbox 261 3664 1324 3747; baseline 0.003 -23"><span class='ocrx_word' id='word_1_254' title='bbox 261 3715 265 3724; x_wconf 77' lang='grc'><strong>,</strong></span> <span class='ocrx_word' id='word_1_255' title='bbox 333 3666 518 3747; x_wconf 83' lang='lat' dir='ltr'>Demomeles</span> <span class='ocrx_word' id='word_1_256' title='bbox 550 3678 580 3726; x_wconf 90' lang='lat' dir='ltr'>et</span> <span class='ocrx_word' id='word_1_257' title='bbox 606 3664 772 3746; x_wconf 84' lang='lat' dir='ltr'>Hyperides</span> <span class='ocrx_word' id='word_1_258' title='bbox 804 3666 1026 3729; x_wconf 88' lang='lat' dir='ltr'>Demosthenem</span> <span class='ocrx_word' id='word_1_259' title='bbox 1053 3665 1093 3728; x_wconf 90' lang='lat' dir='ltr'>oh</span> <span class='ocrx_word' id='word_1_260' title='bbox 1113 3689 1161 3732; x_wconf 85' lang='lat' dir='ltr'>res</span> <span class='ocrx_word' id='word_1_261' title='bbox 1181 3668 1212 3728; x_wconf 92' lang='lat' dir='ltr'>in</span> <span class='ocrx_word' id='word_1_262' title='bbox 1234 3668 1289 3728; x_wconf 88' lang='lat' dir='ltr'>ad·</span> <span class='ocrx_word' id='word_1_263' title='bbox 1319 3697 1324 3706; x_wconf 95' lang='lat'><strong>·</strong></span> 
     </span>
     <span class='ocr_line' id='line_1_35' title="bbox 333 3747 1287 3836; baseline -0.001 -21"><span class='ocrx_word' id='word_1_264' title='bbox 333 3751 517 3814; x_wconf 85' lang='lat' dir='ltr'>ministranda</span> <span class='ocrx_word' id='word_1_265' title='bbox 538 3751 580 3810; x_wconf 67' lang='lat' dir='ltr'>‘re</span> <span class='ocrx_word' id='word_1_266' title='bbox 608 3751 726 3833; x_wconf 90' lang='lat' dir='ltr'>publica</span> <span class='ocrx_word' id='word_1_267' title='bbox 759 3774 853 3834; x_wconf 87' lang='lat' dir='ltr'>nuper</span> <span class='ocrx_word' id='word_1_268' title='bbox 881 3755 996 3835; x_wconf 81' lang='lat' dir='ltr'>egregie</span> <span class='ocrx_word' id='word_1_269' title='bbox 1026 3769 1136 3836; x_wconf 78' lang='lat' dir='ltr'>gestas,&#39;</span> <span class='ocrx_word' id='word_1_270' title='bbox 1171 3747 1287 3836; x_wconf 73' lang='grc' dir='ltr'><strong><em>ἀρετῆς</em></strong></span> 
     </span>
     <span class='ocr_line' id='line_1_36' title="bbox 334 3823 1287 3919; baseline 0 -19"><span class='ocrx_word' id='word_1_271' title='bbox 334 3835 421 3914; x_wconf 64' lang='grc' dir='ltr'><strong><em>ἕνεκα</em></strong></span> <span class='ocrx_word' id='word_1_272' title='bbox 441 3836 491 3899; x_wconf 75' lang='grc' dir='ltr'>καὶ</span> <span class='ocrx_word' id='word_1_273' title='bbox 514 3832 648 3914; x_wconf 76' lang='grc' dir='ltr'><strong><em>εὐνοίας,</em></strong></span> <span class='ocrx_word' id='word_1_274' title='bbox 682 3823 721 3919; x_wconf 78' lang='grc' dir='ltr'>ἧς</span> <span class='ocrx_word' id='word_1_275' title='bbox 742 3833 820 3918; x_wconf 71' lang='grc' dir='ltr'><strong><em>ἔχων</em></strong></span> <span class='ocrx_word' id='word_1_276' title='bbox 841 3836 976 3900; x_wconf 77' lang='grc' dir='ltr'><strong><em>διατελεῖ</em></strong></span> <span class='ocrx_word' id='word_1_277' title='bbox 999 3834 1043 3911; x_wconf 72' lang='grc' dir='ltr'>εἴς</span> <span class='ocrx_word' id='word_1_278' title='bbox 1069 3859 1102 3901; x_wconf 85' lang='grc' dir='ltr'>τε</span> <span class='ocrx_word' id='word_1_279' title='bbox 1123 3833 1198 3914; x_wconf 73' lang='grc' dir='ltr'><strong><em>τοὺς</em></strong></span> <span class='ocrx_word' id='word_1_280' title='bbox 1211 3835 1287 3900; x_wconf 82' lang='grc' dir='ltr'>Ἕλ-</span> 
     </span>
     <span class='ocr_line' id='line_1_37' title="bbox 333 3919 1285 4006; baseline 0.003 -22"><span class='ocrx_word' id='word_1_281' title='bbox 333 3927 429 4005; x_wconf 82' lang='grc' dir='ltr'><strong><em>ληνας</em></strong></span> <span class='ocrx_word' id='word_1_282' title='bbox 457 3919 598 3996; x_wconf 79' lang='grc' dir='ltr'><strong><em>ἅπαντας</em></strong></span> <span class='ocrx_word' id='word_1_283' title='bbox 616 3922 668 3985; x_wconf 80' lang='lat' dir='ltr'>aol</span> <span class='ocrx_word' id='word_1_284' title='bbox 701 3919 758 3988; x_wconf 80' lang='grc' dir='ltr'>τὸν</span> <span class='ocrx_word' id='word_1_285' title='bbox 785 3923 885 4005; x_wconf 70' lang='grc' dir='ltr'><strong><em>δῆμον</em></strong></span> <span class='ocrx_word' id='word_1_286' title='bbox 920 3920 975 3986; x_wconf 87' lang='grc' dir='ltr'>τὸν</span> <span class='ocrx_word' id='word_1_287' title='bbox 1002 3921 1195 4006; x_wconf 78' lang='grc' dir='ltr'><strong><em>Ἀθηναίων,</em></strong></span> <span class='ocrx_word' id='word_1_288' title='bbox 1231 3924 1285 3987; x_wconf 68' lang='grc' dir='ltr'>καὶ</span> 
     </span>
     <span class='ocr_line' id='line_1_38' title="bbox 332 4005 1370 4098; baseline 0.002 -27"><span class='ocrx_word' id='word_1_289' title='bbox 332 4007 411 4082; x_wconf 81' lang='grc' dir='ltr'><strong><em>διότι</em></strong></span> <span class='ocrx_word' id='word_1_290' title='bbox 441 4010 576 4073; x_wconf 76' lang='grc' dir='ltr'>διατελεῖ</span> <span class='ocrx_word' id='word_1_291' title='bbox 604 4005 750 4094; x_wconf 79' lang='grc' dir='ltr'><strong><em>πράττων</em></strong></span> <span class='ocrx_word' id='word_1_292' title='bbox 785 4009 845 4073; x_wconf 66' lang='grc' dir='ltr'>καῖ’</span> <span class='ocrx_word' id='word_1_293' title='bbox 869 4008 965 4092; x_wconf 74' lang='grc' dir='ltr'><strong><em>λέγων</em></strong></span> <span class='ocrx_word' id='word_1_294' title='bbox 993 4007 1034 4074; x_wconf 80' lang='grc' dir='ltr'>τὰ</span> <span class='ocrx_word' id='word_1_295' title='bbox 1064 4009 1211 4092; x_wconf 77' lang='grc' dir='ltr'><strong><em>βέλτιστα</em></strong></span> <span class='ocrx_word' id='word_1_296' title='bbox 1236 4013 1284 4098; x_wconf 80' lang='grc' dir='ltr'>τῷ</span> <span class='ocrx_word' id='word_1_297' title='bbox 1369 4051 1370 4058; x_wconf 42' lang='lat'>1</span> 
     </span>
    </p>
   </div>
   <div class='ocr_carea' id='block_1_8' title="bbox 268 4081 1282 4185">
    <p class='ocr_par' dir='ltr' id='par_1_8' title="bbox 268 4081 1282 4185">
     <span class='ocr_line' id='line_1_39' title="bbox 268 4081 1282 4185; baseline -0.004 -21"><span class='ocrx_word' id='word_1_298' title='bbox 268 4117 271 4124; x_wconf 86' lang='lat'>&#39;</span> <span class='ocrx_word' id='word_1_299' title='bbox 328 4081 432 4185; x_wconf 51' lang='grc' dir='ltr'><strong><em>δήμῳ,</em></strong></span> <span class='ocrx_word' id='word_1_300' title='bbox 456 4095 506 4184; x_wconf 74' lang='grc' dir='ltr'>ναὶ</span> <span class='ocrx_word' id='word_1_301' title='bbox 528 4092 694 4183; x_wconf 70' lang='grc' dir='ltr'>πρόθυμός</span> <span class='ocrx_word' id='word_1_302' title='bbox 715 4096 779 4162; x_wconf 75' lang='grc' dir='ltr'><strong><em>ἐστι</em></strong></span> <span class='ocrx_word' id='word_1_303' title='bbox 801 4103 898 4164; x_wconf 75' lang='grc' dir='ltr'><strong><em>ποιεῖν</em></strong></span> <span class='ocrx_word' id='word_1_304' title='bbox 920 4093 938 4162; x_wconf 82' lang='grc' dir='ltr'>ὅ</span> <span class='ocrx_word' id='word_1_305' title='bbox 949 4093 1177 4181; x_wconf 74' lang='grc' dir='ltr'>τιᾶν.δύνηται</span> <span class='ocrx_word' id='word_1_306' title='bbox 1200 4093 1282 4179; x_wconf 76' lang='lat' dir='ltr'>dyc-</span> 
     </span>
    </p>
   </div>
   <div class='ocr_carea' id='block_1_9' title="bbox 0 0 1380 4772">
    <p class='ocr_par' dir='ltr' id='par_1_9' title="bbox 0 0 1380 4772">
     <span class='ocr_line' id='line_1_40' title="bbox 0 0 1380 4772; baseline 0 12"><span class='ocrx_word' id='word_1_307' title='bbox 0 0 1380 4772; x_wconf 95' lang='lat' dir='ltr'> </span> 
     </span>
    </p>
   </div>
  </div>
 </body>
</html>
