2706 4782
794 274 853 316 att

747 343 903 360 Μ

259 530 261 534 ¹
305 431 470 516 statuerit
504 427 626 502 adhuc
659 425 896 528 perpendere
934 454 1100 542 possem,
1121 448 1167 522 ,et
1196 440 1339 510 armi.

304 579 405 638 nare.
474 553 586 624 Erant
628 563 779 654 autem,
819 546 868 622 ad
917 574 1018 651 quae
1057 555 1209 645 omuino
1251 556 1339 632 mihi

177 775 179 779 Ι
302 677 462 752 maxime
502 667 805 770 respondendum
846 668 977 764 fuerit,
1019 699 1144 774 quum,
1170 678 1338 777 Spenge.⁸

305 799 375 872 lius
412 808 540 866 contra
573 794 672 865 Tuas
711 790 873 878 rationes
913 811 1153 890 monumenta
1192 795 1344 895 publica

306 917 354 990 ab
382 918 465 1016 ipso
479 909 746 1018 Demosthene
771 909 942 1008 profecta
967 927 1113 1008 statuat,
1139 917 1211 1004 nisi
1239 917 1338 1018 qnod

307 1043 360 1113 eis
386 1036 610 1138 praescripta
630 1033 815 1106 recentius
830 1029 956 1108 addita
969 1035 1052 1126 sint,
1078 1035 1117 1108 in
1136 1037 1237 1137 ipsis
1250 1063 1341 1116 vero

198 1153 200 1156 ’
305 1157 547 1261 praescriptis
579 1176 655 1242 non
696 1149 892 1227 archontes
932 1152 1035 1228 solos
1069 1163 1347 1250 verumetiam

307 1303 455 1356 menses
489 1275 645 1376 diesque
685 1297 790 1348 mero
832 1273 1111 1375 interpolatoris
1147 1279 1348 1370 cuiusdam,

306 1391 455 1503 ingenio
494 1395 645 1472 deberi·
666 1391 875 1487 contendat.
944 1394 1088 1490 Quibus
1129 1425 1177 1472 ne
1217 1382 1343 1478 nostra

307 1523 456 1597 concuti
494 1520 658 1618 possint,
698 1541 775 1599 non
815 1513 967 1619 quidem
1006 1517 1179 1612 verebar,
1214 1547 1343 1624 neque

307 1651 365 1719 'l'u
391 1641 609 1718 sententiam
634 1641 750 1712 Tuam
776 1635 999 1748 aliquantum
1024 1644 1191 1734 mutasti,
1224 1671 1350 1762 quump

306 1789 403 1868 quae
438 1784 701 1862 responsurum
715 1763 720 1774 “
735 1783 794 1831 me
826 1756 878 1832 ad
909 1747 1095 1860 Spe'n'gelii
1126 1769 1350 1864 argumenta

268 1867 273 1886 ’
308 1913 389 1962 esse
414 1884 629 1989 nuperrime
656 1877 745 1986 Tibi
776 1877 959 1953 breviter·
975 1881 1186 1982 significavi,
1214 1907 1258 1958 ea
1286 1890 1351 1972 Ter

307 2009 458 2082 omnino
492 2000 658 2103 probare
672 2024 675 2028 ·
691 1993 909 2100 prdfitearis.
959 2005 1012 2078 lta
1044 2015 1166 2074 tamen
1192 2017 1230 2073 et
1255 1989 1351 2080 meai

308 2147 345 2203 ct
361 2133 441 2202 Tua
468 2149 580 2198 causa
606 2123 772 2196 omnium
798 2115 1119 2196 monumentorum
1144 2121 1352 2198 conditio-¹

305 2274 393 2324 nem
427 2247 634 2320 accuratius
663 2241 927 2344 explorandam
958 2240 1130 2317 iudicavi.
1181 2246 1224 2318 ln
1260 2272 1342 2346 quo

307 2371 434 2448 evitari
466 2391 543 2440 non
578 2349 727 2441 omnino
762 2380 908 2464 poterat
934 2357 1040 2438 locus
1068 2362 1118 2437 de
1142 2363 1343 2440 archonti-

307 2493 378 2568 bus
404 2488 729 2592 pseudeponymis,
757 2482 806 2560 de
827 2468 974 2588 ,quibus
983 2488 1102 2560 Tuam
1123 2488 1345 2586 opinionem

291 2607 467 2690 ,breviter
490 2635 536 2685 eo
562 2611 680 2708 magis
707 2605 965 2708 exponendam
992 2610 1119 2682 censui
1148 2607 1345 2684 illustran-

178 2809 179 2812 ,
246 2773 249 2780 ,
306 2737 486 2836 damque,
520 2728 624 2832 quod
651 2732 1004 2806 Commentationem
1030 2733 1149 2804 Tuam
1172 2753 1249 2802 non
1275 2729 1346 2820 fa-

308 2857 378 2932 cile
406 2857 444 2928 iu
471 2852 648 2928 cuiusvis·
666 2875 797 2924 manus
829 2854 949 2924 statim
983 2855 1217 2952 migraturam
1255 2875 1344 2926 esse

273 3007 275 3014 ·
306 2978 440 3080 putavi.
507 2976 576 3048 Hic
616 2987 739 3046 autem
784 2971 890 3046 locus
925 2969 1056 3046 detulit
1100 2996 1161 3048 me
1209 2995 1344 3046 rursus

192 3163 194 3168 ,
305 3098 353 3173 ad
379 3095 595 3174 archontem
622 3097 771 3186 Niciam,
799 3093 847 3167 de
874 3117 950 3194 quo
979 3116 1095 3193 quum
1120 3118 1143 3176 a
1164 3096 1218 3166 Te
1243 3093 1345 3171 brc-

212 3255 215 3264 *
306 3226 386 3299 vius
421 3234 542 3294 actum
576 3216 741 3308 viderem
773 3214 863 3312 mihi
896 3212 1076 3290 dubitatio
1112 3214 1247 3302 oborta
1274 3233 1344 3307 est,

305 3369 395 3420 num
420 3340 484 3414 ille
510 3338 634 3414 scriba
658 3339 779 3438 possit
804 3335 1010 3428 secundum
1033 3340 1243 3436 ptytsstfittm,
1266 3335 1345 3410 ha-

304 3463 397 3552 hcri,
424 3462 565 3563 quippe
592 3463 757 3562 quinon
783 3460 821 3536 in
854 3457 1005 3536 decreto
1031 3474 1181 3550 senatus
1195 3483 1345 3561 ,popu-e

221 3613 223 3617 ·
303 3585 395 3676 live,
428 3581 497 3657 aed
529 3586 569 3656 in
601 3582 813 3656 testimonio
839 3583 1000 3682 scriptus
1026 3585 1083 3674 sit,
1109 3577 1213 3682 quod
1237 3605 1345 3656 non-

304 3707 376 3780 nisi
393 3730 437 3779 ex
453 3707 545 3794 actis,
562 3700 795 3792 iudicialibus
810 3705 967 3803 petitum
987 3701 1166 3794 videatur.
1220 3705 1346 3796 Quam

304 3830 558 3928 quaestionem
583 3848 694 3926 qnam
710 3825 985 3899 accuratissime
1008 3829 1115 3926 potui
1136 3822 1348 3929 explorari,

305 3948 411 4022 simul
433 3945 486 4023 id·
504 3969 626 4048 agens,
652 3962 694 4032 ut
718 3947 774 4038 iis,
801 3972 896 4048 quae
920 3943 1035 4022 eade
1057 3971 1101 4020 re
1127 3948 1351 4046 nuperrime

306 4067 395 4146 mihi
428 4067 627 4160 mandasti,
663 4093 705 4142 ex
738 4072 815 4141 Tua
857 4069 1040 4160 sententia
1080 4067 1349 4160 satisfacerem.
