2694 4784
529 305 686 412 'll-›b-

88 477 259 570 hucusque
294 473 480 544 commodis
520 477 591 543 cius
626 472 711 543 clam
748 458 988 566 insaniebant,
1027 475 1132 568 iidem

87 598 156 647 tum
191 603 351 674 prospera
385 579 535 674 Philippi
565 580 699 648 fortuna
735 577 924 648 audaciores
953 583 1020 646 iam
1053 581 1131 648 facti

88 686 196 752 acrius
219 682 357 752 consilia
380 709 438 750 sua
458 685 618 778 persequi
641 704 823 778 rerumque
841 707 940 754 omne
955 685 1133 751 arbitrium

16 875 17 888 χ
89 789 129 855 ad
159 813 237 854 eum
268 788 396 854 deferre
427 807 630 880 coeperunt3
659 785 716 855 ille
748 811 826 876 vero
854 790 988 881 incepta
1017 812 1137 866 eorum,

89 894 188 960 armis
212 894 311 960 etiam
334 915 374 959 eo
397 889 558 960 libentius
573 891 738 973 adiuvare,
762 916 828 985 quo
848 891 978 958 facilius
1001 895 1047 959 ita
1069 893 1149 960 sihi‘

89 995 233 1064 insulam
261 995 554 1089 propugnaculum
589 996 744 1084 adversus
761 1053 764 1058 .
779 996 927 1064 Athenas
961 995 1132 1065 redditum

16 1124 17 1135 ¹
88 1104 130 1169 iri
159 1101 324 1194 sperabat.
378 1099 452 1170 Huc
480 1101 581 1194 igitur
608 1102 820 1193 potissimum
838 1099 1024 1168 referenda
1055 1119 1134 1168 sunt

89 1231 135 1287 ea,
160 1228 248 1298 quae
270 1229 317 1272 or.
336 1205 487 1298 Philipp.
504 1206 554 1273 lll
576 1204 618 1272 de
641 1206 739 1272 rebus
763 1205 921 1273 Euboicis
937 1206 1135 1272 Demosthe-

88 1335 145 1378 nes
181 1327 303 1376 narrat.
349 1310 487 1390 „Eiecto
521 1308 719 1391 Plutarcho,
754 1311 816 1406 ait,
853 1307 998 1402 populus
1032 1311 1160 1377 Erc·.

88 1415 256 1482 triensis
278 1413 396 1480 urbem
420 1414 555 1482 tenebat
576 1431 609 1479 ct
630 1403 846 1498 Porthmum3
870 1413 926 1480 alii
950 1432 1020 1480 tum
1043 1439 1134 1480 surn-

16 1519 18 1582 l
89 1544 177 1586 mam
201 1543 316 1586 rerum
346 1516 388 1584 ad
416 1542 477 1584 nos
500 1517 757 1598 transferebant,
781 1518 823 1584 ad
846 1515 1042 1610 Philippum
1064 1518 1134 1596 alii.

17 1611 18 1618 ἵ
89 1623 148 1690 llis
205 1622 380 1716 paullatim
427 1622 694 1714 obtemperantes
741 1623 853 1688 miseri
903 1639 934 1688 ct
985 1620 1133 1689 infelices

92 1729 298 1795 Eretrienses
323 1750 360 1795 eo
389 1724 525 1792 tandem
547 1723 683 1792 adducti
706 1743 802 1805 sunt,
826 1743 864 1792 ut
886 1727 1045 1793 eiicercnt
1068 1725 1133 1807 eos,

91 1835 150 1924 qui
192 1830 295 1898 saluti
331 1853 450 1898 eorum
486 1831 681 1923 prospicere
720 1845 930 1896 conarentur.
987 1827 1135 1896 Proinde

91 1937 199 2004 socius
229 1959 346 2004 eorum
373 1952 407 2002 ct
436 1935 562 2002 amicus
584 1933 777 2027 Philippus,
806 1934 906 2002 misso
930 1935 1134 2026 Hipponico,

91 2058 189 2134 atque
213 2039 426 2124 mercenariis
457 2038 567 2121 mille,
597 2062 710 2106 muros
737 2037 889 2106 Porthmi
912 2035 1029 2119 diruit,
1053 2055 1136 2105 tres·

93 2169 156 2236 que
179 2143 343 2236 imposuit
364 2161 538 2236 tyrannos,
567 2142 816 2237 Hipparchum,
840 2143 1134 2224 Automedontem,
1236 2164 1241 2170 ·

94 2247 317 2330 Clitarchum,
356 2264 540 2339 posteaque
576 2271 593 2312 e
624 2248 760 2338 regione
788 2245 967 2340 populares
997 2245 1134 2338 expulit,

93 2379 198 2445 quum
219 2353 272 2419 bis
287 2354 354 2418 iam
366 2375 428 2444 pro
439 2350 593 2418 libertate
610 2350 861 2418 contenderent.
906 2351 1011 2418 Orei
1032 2375 1135 2444 porro

93 2455 245 2548 Philippi
266 2451 440 2549 negotium
461 2456 602 2547 agebant
625 2450 826 2533 Philistides,
851 2456 1047 2546 Menippus,
1071 2455 1134 2522 So-

93 2578 213 2640 crates,
227 2609 231 2622 .
245 2561 367 2641 Thoas,
390 2561 580 2652 Agapacus,
605 2561 665 2651 qui
687 2581 778 2624 nnnc
800 2575 917 2626 tenent
938 2559 1071 2643 urbem,
1102 2575 1136 2625 et

92 2665 172 2732 haec
195 2681 273 2731 nota
297 2663 451 2733 omnibus
481 2680 585 2730 crant.
637 2663 744 2730 Homo
775 2681 885 2729 autem
908 2661 1045 2755 quidam
1068 2664 1137 2729 Eu-

92 2770 254 2860 phraeus,
287 2771 346 2862 qui
375 2766 556 2859 aliquando
581 2767 640 2832 ’hic
668 2767 759 2860 apud
780 2789 835 2835 vos
858 2767 1032 2849 habitavit,
1064 2791 1136 2836 om-

16 2908 18 2962 p
94 2898 170 2941 nem
193 2871 294 2938 dabat
316 2895 467 2965 operam,
499 2891 536 2939 ut
568 2870 665 2937 liberi
692 2888 800 2938 essent
839 2889 871 2937 et
893 2873 1055 2940 servirent
1075 2897 1136 2938 ne·

94 2980 186 3045 mini.
234 2977 363 3062 Quibirs
386 3001 463 3044 vero
486 2978 514 3042 is
537 2975 669 3066 iniuriis
700 2994 733 3043 et
755 2975 965 3044 contumeliis
989 2976 1030 3042 ab
1054 2975 1135 3042 Ori-

17 3135 18 3154 .
94 3099 168 3150 tano
197 3078 327 3174 populo
358 3079 490 3162 affectus
518 3081 575 3159 sit,
606 3077 711 3144 multa
739 3077 807 3168 dici
835 3080 973 3171 possint.
1032 3081 1133 3148 Anno

96 3205 205 3254 autem
233 3202 309 3253 ante
335 3182 502 3250 excidium
531 3181 733 3275 proditionis
760 3206 858 3249 reum
887 3183 966 3250 fecit
988 3182 1136 3250 Philisti-

95 3289 170 3356 dem
191 3291 331 3381 eiusque
354 3286 516 3381 gregales,
546 3285 784 3364 animadversis
813 3311 930 3355 eorum
951 3289 1134 3355 conatibus.

17 3471 18 3478 ἵ
97 3393 261 3462 Concitati
284 3410 393 3459 autem
415 3392 569 3461 homines
591 3391 707 3472 multi,
729 3393 955 3482 praebitorem
976 3392 1135 3459 habentes

16 3508 17 3522 ³
96 3497 299 3592 Philippum,
327 3499 465 3588 eiusque
495 3495 645 3562 consiliis
669 3499 824 3564 instructi
854 3497 1071 3591 Euphraeum
1098 3498 1136 3562 in

75 3625 261 3690 carcerem
283 3599 463 3690 abducunt,
485 3617 524 3666 nt
544 3598 747 3692 reipublicae
763 3601 1041 3692 perturbatorem.
1086 3601 1136 3668 Ea

95 3705 208 3774 videns
230 3703 374 3799 populus
398 3703 560 3770 Oritanus
582 3727 694 3795 neque
716 3704 768 3770 his
791 3706 1010 3784 irascebatur,
1040 3723 1072 3772 et
1093 3703 1136 3770 il-

97 3806 166 3878 lum
187 3812 308 3878 merito
330 3808 418 3876 ferre
448 3833 487 3876 ea
519 3807 659 3876 dicebat.
707 3806 841 3876 Deinde
869 3808 944 3889 illi,
977 3827 1135 3901 quantam

98 3913 287 4004 cupiebant,
318 3931 514 4006 potestatem
538 3911 650 4004 adepti
674 3909 711 3978 id
734 3913 992 3994 contendebant,
1002 3930 1052 3979 art
1074 3937 1152 4004 op-.

16 3967 18 4076 l
97 4011 212 4102 pidum
234 4036 417 4108 caperetur.
464 4017 528 4086 Hic
540 4042 654 4085 omnes
667 4016 749 4084 adeo
762 4017 828 4084 iam
840 4019 1008 4109 perterriti
1031 4034 1135 4095 erant,

16 4108 19 4209 l
99 4133 147 4197 ut,
187 4145 389 4213 quamquam
423 4120 482 4190 tali
520 4123 718 4189 imminente
751 4123 857 4203 malo,
893 4147 990 4190 nemo
1021 4129 1136 4190 vocem
