2740 4774
699 253 856 360 jo}-

261 431 396 496 firment
418 419 570 514 exparte
592 423 839 513 inscriptiones,
864 422 1039 490 confirmat
1061 425 1134 515 ipse
1155 423 1295 518 denique

145 559 146 562 ¹
260 531 459 610 Aeschinem
490 526 760 618 Theophrastum
794 526 818 594 l.
853 551 898 607 c.,
934 527 1196 594 Themistoclem
1229 529 1295 613 (Ol.

158 706 161 712 ,
244 635 458 716 :cV111,2)
488 657 522 722 p.
549 631 591 698 62
622 629 729 711 med,
762 617 1293 726 Chae1·0ndam(01.'CX‚3)p.

262 743 312 828 57·
337 753 419 806 extr.
463 735 509 800 At
531 753 698 826 quotquot
725 736 806 802 actis
833 736 977 802 orationi
1005 735 1047 802 de
1078 759 1144 804 cor.
1168 738 1295 804 insertis

261 843 434 916 archontes
455 838 683 920 inveniuntur,
705 863 772 906 uuo
797 837 996 906 Chaeronda
1018 857 1155 932 excepto
1170 839 1212 906 'in
1234 843 1297 908 Ae-

262 946 386 1014 schinis
417 941 550 1025 libello,
583 967 651 1034 quo
687 943 941 1035 Ctesiphontem
972 945 1153 1025 accusavit,
1181 962 1297 1014 'omues

263 1047 392 1116 abillis
416 1047 772 1126 omnino'abhorrent,
806 1045 899 1138 quod
928 1061 1016 1114 certe
1044 1071 1120 1114 casu
1146 1048 1221 1115 fieri
1241 1074 1300 1116 ne-

77 1233 82 1241 ,
172 1145 175 1148 ’
260 1175 432 1246 quaquam
453 1151 573 1243 potuit,
596 1148 977 1241 ideoqueSchoemanni
992 1151 1144 1243 opinioni
1160 1154 1300 1220 maxime

264 1263 378 1325 obstat.
421 1253 492 1322 Sed
519 1254 602 1319 haec
632 1278 651 1318 a
677 1252 775 1320 nobis
812 1277 882 1322 non
917 1271 995 1348 sunt
1030 1252 1161 1345 longius
1192 1280 1302 1348 perse.

193 1439 198 1452 ,
261 1360 408 1454 quenda.
452 1357 710 1425 Accurutissime
743 1359 834 1424 enim
864 1376 899 1425 et
917 1358 1005 1426 hano
1032 1375 1065 1425 et
1092 1359 1236 1427 alioium
1255 1363 1302 1429 vi·

153 1465 166 1476 “
262 1489 379 1534 rorum
401 1463 576 1532 doctorum
599 1462 775 1553 opiniones
804 1462 1205 1544 examinavitBoechhius
1227 1464 1249 1530 l.
1272 1489 1300 1533 c.

288 1595 334 1636 .1
385 1593 435 1636 s.

229 1693 232 1699 ’
263 1596 287 1664 Ρ
343 1593 445 1758 lindie
467 1695 574 1764 quum
596 1644 643 1735 iia
663 1672 747 1750 sint,
770 1695 876 1762 quum
904 1669 1076 1738 archontes
1110 1672 1166 1739 isti
1196 1695 1302 1764 neque

261 1778 426 1871 cponymi
447 1776 531 1856 sint,
555 1797 618 1840 nec
647 1798 892 1867 eponymorum
919 1773 1062 1855 suffecti,
1084 1774 1303 1843 nihilomiuus

265 1881 308 1949 ad
336 1904 441 1948 annos
473 1877 648 1946 manifesto
679 1869 901 1969 designandos
936 1876 1077 1961 decretis
1107 1881 1304 1971 praescripti

265 1991 343 2068 sint,
360 1985 513 2076 denique
535 2007 642 2074 quum
662 1983 801 2048 neritii
832 1980 970 2074 quidem
997 1983 1189 2051 nominihus
1218 1981 1305 2051 allati

198 2167 200 2178 Ι
264 2087 334 2158 ulle
354 2089 485 2182 possint
506 2086 643 2176 vestigia
665 2085 884 2176 deprehendi,
907 2088 1014 2154 errori
1035 2082 1099 2154 eos·
1114 2087 1230 2154 deberi
1245 2111 1306 2182 pa-

150 2240 154 2247 ·
261 2213 323 2278 tet,
346 2215 417 2261 non
438 2191 590 2283 pristinis
612 2190 870 2256 Atheniensium
882 2191 1053 2261 institutis.
1099 2192 1211 2284 Atque
1233 2194 1307 2284 ipsa

260 2315 357 2368 -eerte
378 2299 479 2365 etium
501 2293 623 2375 formu,
652 2287 719 2386 qiua
740 2295 939 2387 praescripti
967 2293 1108 2363 decretis
1130 2298 1185 2363 isti
1206 2321 1308 2388 pseu·
1350 2321 1351 2328 ¹

233 2443 236 2456 ·
265 2402 450 2497 deponymi
472 2417 560 2480 sunt,
590 2399 630 2464 ab
655 2422 693 2464 ea
714 2397 916 2491 plerumque
939 2399 1107 2481 abhorret,
1130 2409 1233 2492 quum
1254 2423 1309 2468 so-

265 2509 416 2576 lennem
436 2507 475 2572 in
497 2505 575 2571 actis
598 2520 728 2570 senatus
750 2502 937 2596 populique
964 2503 1081 2586 fuisse,
1100 2505 1310 2598 ¹inscriptio-

263 2635 362 2692 num,
385 2633 469 2706 quoe
491 2626 548 2676 aut
569 2605 612 2674 ad
632 2609 740 2698 ipsam
768 2625 912 2674 aetutem-
928 2607 1208 2674 Demostheneam
1229 2634 1310 2700 per·

262 2717 391 2795 tinent,
412 2709 479 2778 'eut
508 2713 540 2777 ei
566 2712 735 2804 proximae
763 2722 853 2788 sunt,
892 2712 1075 2778 coustantio
1108 2711 1215 2780 docet.
1269 2715 1309 2780 In

265 2819 387 2912 quibus
407 2817 556 2910 primum
577 2813 727 2882 solemne
749 2833 807 2898 est,
829 2833 867 2882 ut
893 2839 953 2884 vox
978 2816 1129 2904 ἄρχοντος
1150 2835 1311 2910 sequntur

261 2945 406 3004 nomen,
429 2947 459 2988 v.
482 2943 511 2986 c.
534 2919 596 2986 huc
617 2917 793 2986 formulnu
814 2923 862 2985 ἐπὶ
884 2922 1123 3008 Καλλιστράτου
1144 2923 1310 3009 ἄρχοντος.

266 3031 309 3096 ln
329 3027 451 3096 nostris
473 3049 535 3107 vox
562 3024 714 3112 ἄρχοντος
740 3047 863 3091 nomen
894 3025 1072 3118 proprium
1103 3025 1310 3120 plerumque

158 3215 161 3222 ι
264 3132 457 3226 praecedit,
493 3147 532 3196 ut
563 3131 611 3195 tut
641 3127 793 3216 ἄρχοντος
819 3131 1038 3218 Μνησὶφίλὸυ,
1078 3132 1127 3196 ἐπὶ
1155 3131 1311 3218 ἄρχοντος

209 3307 211 3310 ,
267 3238 449 3313 Νεοκλέους.
495 3233 585 3300 Haec
606 3232 713 3300 forme
734 3233 771 3310 in
792 3235 1019 3300 recentissima
1041 3232 1179 3300 demum
1202 3253 1309 3302 aetate

266 3339 415 3406 Romana
442 3335 599 3417 invaluit,
628 3325 809 3403 utdoceut
830 3339 1083 3442 inscriptiouqs,
1118 3363 1199 3432 quas
1223 3339 1311 3406 Boe-

268 3443 385 3510 chhius
408 3439 513 3508 edidit
534 3441 572 3505 in
604 3438 707 3530 Corp.
740 3440 843 3508 lusor.
876 3439 934 3507 Gr.
963 3442 1039 3510 Vol.
1063 3443 1089 3508 Ι.
1119 3445 1156 3508 P.
1180 3443 1225 3510 ll.
1257 3439 1308 3509 CL

267 3549 327 3614 tv.
350 3583 393 3598 -
416 3545 520 3612 Porro
543 3545 579 3608 iu
601 3543 783 3610 Aristonici
811 3544 944 3614 decreto
974 3533 1008 3639 p
1043 3547 1106 3614 253
1134 3546 1309 3612 archontis

267 3651 398 3718 nomini
421 3647 573 3714 additum
595 3664 644 3713 cst
664 3648 767 3738 patris
781 3672 920 3736 nomen:
944 3652 992 3715 ἐπὶ
1003 3649 1191 3734 Χαιρώνδου
1208 3647 1310 3736 Ἡγέ-

266 3755 399 3844 μονος*)
431 3753 598 3842 ἄρχοντος,
634 3749 726 3843 quod
758 3753 794 3818 in
824 3751 1100 3845 inscriptionibus
1138 3776 1309 3846 nusquam

265 3959 577 3978 W

309 4071 333 4152 *J
356 4055 451 4152 Codd.
475 4071 594 4156 quidem
621 4071 755 4156 plerique
774 4061 947 4150 Ἡγίμονος
969 4069 1051 4182 quod
1067 4071 1190 4154 August.
1214 4091 1308 4156 quar·
