2642 4780
707 271 751 334 24

206 445 338 514 aienses
361 439 555 508 abalienatis
570 435 692 525 ¹multis
716 437 900 506 civitatibus
929 461 948 502 a
980 431 1277 506 Lacedaemoniis

172 628 175 633 ,
208 566 242 620 et
263 548 415 616 instituto
437 543 580 612 Athenis
610 543 781 610 communi
812 543 981 610 sociorum
1003 539 1158 622 concilio,
1184 543 1279 634 pri·
1311 561 1312 616 t

208 677 277 721 mas
299 669 410 744 partes
433 649 629 741 suscipiunt.
675 635 787 713 Diod:
802 645 878 728 XV,
901 647 953 713 28.
999 644 1154 711 Thebani
1176 669 1278 714 vero
1311 657 1312 720 l

209 758 308 834 rebus
331 757 397 824 sihi
426 770 542 821 contra
564 747 845 820 Lacedaemonios
872 749 1016 816 feliciter
1045 748 1279 832 cedentibus,

210 860 368 954 superbia
390 859 427 923 in
450 874 574 923 ceteras
595 857 751 942 Boeotiae
783 856 928 940 civitates
951 853 1143 920 efferuntur.
1192 853 1282 922 Ha·
1311 903 1312 932 ,

209 989 287 1034 rum
320 964 418 1030 enim'
449 959 613 1053 quaedam
649 985 757 1053 quum
788 983 871 1052 pace
904 955 1103 1025 Antalcidea
1131 956 1280 1025 liberae
1311 959 1312 982 ¹

210 1071 332 1161 suique
359 1067 440 1133 iuris
469 1064 575 1132 factae
606 1081 731 1144 essent,
761 1064 922 1132 nolebant
949 1069 1103 1130 συντελεῖν
1128 1063 1171 1141 εἰς
1205 1064 1280 1142 τὰς

215 1173 336 1258 Θήβας,
360 1169 451 1264 quod
472 1167 664 1263 faciendum
688 1171 734 1235 eis
757 1187 853 1235 antea
879 1167 962 1248 fuit,
993 1166 1138 1244 scdhoc
1159 1191 1280 1260 prae·
1311 1215 1312 1228 ,

211 1278 327 1344 sertim
348 1295 500 1368 tempore
521 1274 719 1341 factionibus
742 1275 780 1339 in
801 1269 1047 1363 singulis-ortis
1068 1269 1196 1338 multae
1225 1271 1279 1339 ad
1311 1291 1312 1298 ¹

212 1378 490 1448 Lacedaemonios
523 1377 742 1460 inclinabant,
766 1377 849 1448 aliae
873 1373 916 1442 ad
927 1375 1160 1443 Athenienses.
1212 1377 1275 1444 Cf.

204 1484 371 1578 Xenoph.
396 1483 442 1566 V,
473 1483 505 1568 A,
528 1482 572 1568 46
601 1506 674 1574 sqq.
718 1483 843 1548 Earum
873 1481 978 1571 igitur
1007 1478 1146 1574 aliquas,
1168 1479 1279 1546 The-

215 1589 302 1682 cpias
336 1589 373 1654 in
402 1589 542 1680 primis,
576 1586 734 1664 Plataeas
758 1602 791 1652 et
821 1585 1077 1652 Orchomenum
1104 1584 1312 1654 Thebani

216 1694 316 1764 armis
338 1693 507 1788 persecuti
530 1692 621 1784 gravi
642 1673 809 1786 supplicio
830 1687 1064 1785 punierunt&

215 1901 527 1928 m

190 2023 193 2028 '
260 2008 286 2098 ’)
309 2014 390 2074 Haec
412 2015 548 2096 quoniam
577 2004 824 2098 insequentibus
855 2011 942 2097 s'aepe
959 2009 1142 2076 memoranda
1168 2029 1273 2090 erunt,

302 2100 387 2160 liceat
412 2103 459 2160 hic
490 2100 610 2162 uberius
639 2104 787 2185 persequi.
839 2101 986 2164 Adversus
1016 2101 1198 2162 Plataeenses
1229 2100 1270 2160 ad

304 2188 521 2247 Atheniensium
554 2190 703 2248 amicitiam
737 2211 859 2272 quoque
889 2204 1021 2271 tempore
1051 2209 1161 2270 pronos
1183 2188 1269 2246 The-

305 2272 388 2332 bani
396 2289 555 2357 susceptam
578 2275 645 2335 inde
669 2298 684 2334 a
706 2275 814 2336 celebri
836 2298 933 2358 pugna
955 2275 992 2334 ad
1013 2276 1142 2334 Plataeas
1164 2273 1264 2334 simul-

305 2375 391 2420 tatem
427 2377 573 2443 perpctuo
610 2363 789 2422 exercebant.
842 2363 916 2422 Belli
952 2364 1039 2444 igitur
1067 2359 1259 2442 Peloponnes.

302 2447 386 2513 initio
415 2448 542 2509 Plataeas
571 2472 587 2508 a
617 2443 763 2509 Thebanis
790 2451 915 2532 primum
945 2451 1139 2531 impugnatae,
1164 2462 1227 2506 tutu
1244 2466 1262 2502 a

305 2523 540 2604 Lacedaemoniis
567 2551 678 2598 constat
707 2537 836 2596 obsessas
865 2551 894 2596 et
926 2535 1042 2616 Olymp.
1065 2531 1266 2608 LXXXVIII,

308 2615 340 2688 'A
370 2637 523 2701 occupatas
551 2643 621 2682 esse.
666 2623 759 2684 Thus.
786 2624 842 2698 III,
877 2624 928 2682 52.
972 2623 1132 2681 Restitutos
1162 2635 1269 2703 postea

211 2785 212 2790 η
306 2727 379 2790 pace
408 2705 576 2766 Antalcidea
615 2707 732 2790 Olymp.
770 2711 824 2770 ian
858 2709 912 2785 Cl,
946 2708 967 2780 4
996 2707 1129 2768 Thebani
1164 2727 1269 2768 rursus
1311 2733 1312 2744 ¹

307 2792 402 2853 adorti
424 2808 505 2870 sunt,
537 2791 620 2876 quod
647 2795 786 2854 arcessitis
808 2754 1025 2858 Atlteniensium
1055 2795 1163 2854 auxiliis
1186 2815 1270 2852 suam

210 2879 211 2882 ’
308 2879 378 2961 Ipsis
401 2878 504 2938 urbem
526 2879 641 2945 tradere
663 2879 810 2956 volebant3
841 2882 977 2966 urbeque
1007 2880 1100 2941 diruta
1129 2880 1270 2962 expulsos

100 2973 103 2984 '
212 3007 215 3014 .
307 2967 433 3027 Athenas
455 2967 613 3049 confugere
636 2966 732 3028 denuo
755 2985 921 3051 coegerunt,
943 2969 996 3027 uhi
1017 2969 1128 3049 recepti
1154 2964 1272 3028 loono-

308 3050 423 3114 λιτείαν
456 3055 603 3113 consecuti
646 3069 721 3114 sunt.
780 3057 854 3114 Rem
889 3055 1023 3116 accidisse
1056 3054 1150 3114 tribus
1185 3056 1272 3114 annis

222 3205 228 3214 ,
309 3155 463 3224 autequam
493 3140 531 3206 ad
557 3141 682 3202 Leuctra
710 3141 874 3204 dimicatum
903 3144 953 3218 sit,
980 3143 1116 3204 archonte
1145 3141 1272 3202 Athenis

308 3229 415 3306 Asteo,
444 3228 566 3294 Pausan.
596 3230 685 3290 refert
712 3229 770 3305 IX,
804 3251 837 3302 ¹3
868 3229 957 3292 Diod.
980 3229 1058 3306 XV,
1087 3227 1129 3299 46
1153 3250 1215 3288 earn
1239 3231 1273 3287 in

305 3309 440 3376 ¹eiusdem
469 3315 587 3398 Olymp.
616 3339 640 3376 a.
666 3319 694 3376 3.
726 3317 846 3378 confert.
890 3317 1020 3378 Pertinet
1048 3317 1106 3375 huc
1134 3317 1273 3374 Isocratis

308 3401 459 3461 Platai'cus.
505 3399 552 3462 Cf.
569 3403 705 3486 Xenoph.
721 3401 835 3462 Hellen.
854 3403 907 3480 Vl,
931 3407 948 3464 3
982 3402 1084 3485 ibique
1099 3401 1272 3468 Schneider.

352 3488 546 3570 Thespienses
581 3513 672 3574 quum
701 3489 922 3567 Thebanorum,
958 3511 1085 3573 quorum
1113 3492 1202 3549 aciem
1230 3489 1273 3547 ad
1311 3493 1312 3500 ’

217 3623 219 3632 .
309 3575 434 3636 Leuctra
456 3574 658 3654 deseruissent,
680 3578 750 3636 iram
766 3591 936 3654 metuerent,
956 3577 1056 3638 relicta
1075 3591 1177 3658 sponte
1191 3575 1270 3634 urbe

224 3727 227 3732 ,
310 3663 464 3730 Ceressum
486 3685 517 3722 se
540 3664 710 3741 contulisse,
739 3663 807 3724 inde
835 3686 904 3728 vero
932 3663 968 3723 ab
989 3662 1188 3746 Epaminonda
1217 3683 1273 3720 ex-

308 3751 409 3830 pulsos
432 3771 496 3811 esse
514 3751 668 3825 Pausanias
691 3751 780 3820 refert
802 3752 862 3828 IX,
888 3754 925 3814 ¹3
949 3766 977 3815 et
1009 3749 1056 3821 ad.
1101 3749 1270 3816 Secundum

309 3837 477 3904 Pausaniam
498 3839 586 3920 igitur
616 3837 689 3906 facta
717 3853 761 3898 est
787 3837 883 3902 clades
904 3837 1126 3920 Thespiensium
1149 3837 1271 3918 Olymp.

310 3923 380 3998 CH,
411 3946 439 3983 a.
483 3927 522 3984 At
553 3925 674 3984 Pausan.
704 3947 831 4008 pugnam
859 3925 976 3986 Leuctr.
1008 3947 1074 3984 curn
1105 3925 1204 4006 priore
1231 3921 1273 3982 ad

308 4010 436 4090 Tegeam
459 4013 621 4087 connaissa,
651 4012 681 4071 in
705 4035 762 4093 qua
785 4011 1002 4072 Lacedaemonii
1025 4012 1091 4071 victi
1113 4033 1129 4069 a
1150 4009 1273 4068 Theba-

235 4171 237 4178 ,
308 4098 352 4162 nis
375 4096 430 4162 iam
452 4114 533 4165 autea
563 4114 629 4168 satit
667 4099 770 4178 (Diod.
799 4099 869 4174 XV,
893 4104 942 4160 82.
988 4097 1191 4180 Plut.'Pel0p.
1219 4117 1269 4178 ¹7·

1090 4280 1110 4312 ί
1160 4253 1163 4260 ,
