2648 4776
460 353 463 362 ⁴
494 310 651 414 ..se-

8 459 9 462 '
47 469 231 544 Nonnullis
253 495 332 544 vero
355 470 476 544 diebus
497 492 593 545 antea
614 473 694 542 novi
709 473 810 567 legctl
833 473 876 542 ad
892 429 1117 570 erigendum⁸
1237 552 1239 562 ,

45 605 64 646 a
86 576 249 673 Philippo
276 579 328 644 ius
351 579 533 648 iurandum
554 579 656 650 creati
678 597 782 648 erant
828 580 947 648 Aesch.
971 610 1004 648 π.
1032 609 1094 650 πα-

45 682 345 854 cartag-AR&
366 782 501 856 solvunt
525 804 658 856 senatus
674 785 819 856 consulti
839 787 1096 858 sDemosthene

51 888 102 960 lati
125 885 268 974 (decor.
284 914 318 983 Ρ.
334 889 513 975 adhlinssu
536 889 842 982 Munychionis
865 891 936 958 111.
974 892 1094 962 Aesch.

55 1021 79 1061 a.
96 1017 242 1082 supano.
264 1018 299 1085 Ρ.
322 991 365 1080 40
387 1017 433 1062 m.

129 1097 272 1168 Itineris
303 1093 360 1164 die
387 1098 545 1166 vicesimo
579 1099 678 1170 tertio
708 1095 839 1165 Pellam
874 1097 1093 1185 advehuntur,
1217 1167 1218 1172 ,

48 1203 332 1296 quiuquagesimo
365 1224 444 1270 cum
472 1200 634 1296 Philippo
668 1202 888 1285 conveniunt,
916 1221 1093 1298 postquam

46 1331 81 1374 ex
98 1306 253 1372 Thracia
274 1323 464 1375 reverterat.
510 1305 607 1372 Dem.
631 1334 664 1373 π.
687 1331 826 1394 παραπρ.
848 1328 883 1398 Ρ.
905 1307 980 1398 390.

126 1409 283 1478 Athenas
313 1407 458 1479 redeunt
490 1409 846 1503 Scirophorionis
878 1410 994 1495 XIII,
1024 1436 1091 1504 quo

50 1529 202 1606 tempore
225 1511 268 1578 ad
291 1513 536 1608 Thermopylas
559 1513 737 1607 Philippus
759 1515 826 1582 iam
842 1515 1093 1608 appropinqua-

47 1635 138 1686 verat.
191 1617 286 1684 Deru.
310 1616 334 1684 l.
356 1641 386 1687 c.
408 1641 443 1710 Ρ.
466 1620 541 1710 359„

123 1715 324 1790 Eiusdem
345 1721 495 1789 mensis
517 1721 611 1789 XVI
633 1743 746 1789 coram
766 1720 895 1814 populo
913 1720 1089 1816 legationis

58 1843 201 1894 eventum
224 1825 431 1893 renunciant.
475 1825 660 1892 Aeschines
683 1843 783 1919 atque
800 1823 1003 1894 Philocrates
1025 1825 1090 1913 sol-

54 1929 152 1998 licitos
186 1928 230 1996 oh
260 1927 440 1998 adventum
461 1927 612 2024 Philippi
639 1928 685 1997 ad
705 1926 1009 2022 Thermopylarum
1030 1955 1089 1998 an-

49 2037 163 2126 gustias
193 2033 414 2102 Athenienses
442 2031 637 2107 demulcent
665 2057 706 2101 ac
735 2035 944 2125 consopiant.
988 2035 1086 2101 Dem.

8 2195 10 2202 ,
50 2167 75 2206 a.
95 2161 239 2226 repono.
261 2163 295 2228 Ρ.
319 2139 393 2228 359,
415 2129 459 2204 de
480 2161 549 2207 cor.
571 2162 606 2230 p.
630 2139 704 2229 237.

124 2241 482 2334 Scirophorionia
525 2239 706 2333 denique
743 2240 813 2308 die
845 2236 998 2310 XXVII
1034 2243 1087 2332 (τῇ

52 2347 168 2436 τετράδι
190 2349 298 2434 pila.)
320 2347 439 2414 concio
461 2345 605 2414 hahetur
626 2345 882 2416 Atheniensium
904 2348 941 2412 in
957 2345 1085 2428 Piraeo,

57 2453 102 2516 aui
132 2448 327 2541 Dascylos,
375 2447 537 2517 Chalcide
559 2452 733 2530 vveniens,
778 2464 889 2517 actum
931 2451 999 2516 iam
1043 2450 1088 2524 de,

63 2554 271 2624 Phocensibus
295 2577 365 2620 esse
391 2552 657 2646 Philippumque
676 2569 856 2620 extremam
879 2577 994 2622 eorum
1017 2554 1086 2625 sor-

58 2675 155 2727 tunam
195 2657 436 2726 Thebanorum
476 2655 780 2752 Thessalorumque
816 2656 1003 2751 prodidisse
1032 2683 1084 2726 er-

50 2761 161 2843 hitrio‚
204 2761 316 2830 refert
382 2760 480 2828 Dem.
518 2791 550 2829 rr.
587 2787 727 2850 παραπρ.
770 2785 804 2853 Ρ.
850 2763 924 2852 sep
976 2761 1084 2856 quue

49 2869 160 2960 quinto
195 2882 291 2933 antea
322 2861 376 2932 die
413 2865 537 2933 iactum
567 2883 617 2932 est
648 2889 689 2934 cx
725 2865 961 2934 Demosthenis
992 2890 1083 2934 com·

45 2975 231 3065 putatione,
276 2968 618 3063 Scirophorionis
661 2969 813 3050 XXIII,
848 2993 916 3064 quo
959 2995 1082 3065 nempe

124 3363 251 3426 quarum
271 3341 368 3420 altera,
390 3334 511 3428 ἕβδόμῃ
523 3337 624 3426 odiu,
649 3340 687 3404 de
709 3343 853 3405 sociorum
874 3343 938 3405 iure
959 3341 1080 3406 iurando

123 3427 266 3512 agebatur
294 3429 425 3490 nondum
472 3445 601 3491 raeseute
624 3427 823 3514 Gersohleptis
844 3430 959 3513 legato,
992 3431 1080 3494 altera

124 3514 274 3598 deinceps,
301 3509 375 3600 l'xsp
392 3453 498 3598 pell„
521 3516 594 3578 lecta
615 3531 667 3594 est,
690 3538 781 3601 quum
802 3515 961 3580 advenisset
982 3517 1081 3578 Crito·

121 3601 222 3664 holus.
267 3601 299 3662 ln
321 3602 369 3663 illa
390 3604 600 3666 Demosthenes
621 3626 689 3666 rere
710 3597 877 3686 ἐπιστάτης
897 3605 978 3682 fuit,·
998 3605 1100 3678 alteri,

122 3690 200 3761 inter
229 3685 373 3772 proedros
401 3689 593 3772 praesidebat.
645 3690 687 3752 Ita
714 3705 841 3774 quatuor
867 3691 987 3753 existent
1008 3713 1080 3752 con·
1219 3741 1220 3754 .

123 3777 225 3838 ciones
251 3774 327 3838 inter
347 3775 583 3858 Elaphebolionis
605 3775 682 3837 diem
702 3775 806 3839 XVIII
828 3791 857 3838 et
878 3777 1080 3858 Munychionis

124 3861 185 3937 1113
216 3859 255 3924 ad
287 3860 371 3946 quod
397 3860 430 3924 id
450 3863 559 3947 optime
587 3865 738 3948 congruit,
767 3862 852 3948 quod
871 3864 1080 3926 Demosthenes

8 3989 9 3996 κ
123 3949 329 4032 Munychionis
357 3947 415 4028 111,
446 3971 539 4034 (Ριιιω
567 3947 606 4012 de
635 3949 799 4018 maturanda
825 3951 984 4034 legatorum
1009 3973 1080 4034 pro-

122 4035 251 4097 iectione
277 4036 307 4096 iu
337 4049 437 4098 sauata
466 4037 643 4120 rogationem
665 4036 786 4115 iaceret,
819 4053 1000 4124 consumptas
1026 4039 1082 4102 iam

123 4137 211 4186 statas
232 4124 385 4186 moriones
407 4143 469 4186 esse
490 4121 561 4186 dicit
582 4145 614 4186 n.
636 4143 775 4208 παραπρ.
798 4147 829 4208 Ρ.
853 4127 926 4204 389.
