2706 4782
597 287 641 352 23

538 376 696 392 m

89 433 177 526 anni
206 458 328 530 testate
358 456 557 526 conflictum
591 463 662 524 e‘sse
701 455 864 524 videatur.
924 457 1038 553 Atque
1074 483 1145 531 non

86 563 193 630 alium
213 585 363 655 pugnam
393 560 647 630 Corinthiacum
666 560 722 628 hic
739 585 837 656 posse
862 561 1018 656 intelligi,
1041 581 1153 658 quam*

87 691 180 760 quae
193 669 348 760 proxime
362 665 537 734 subsecuto
555 667 599 733 sit
609 663 779 758 proelium
793 666 836 751 ad
851 667 1036 736 Haliartum
1051 692 1144 738 com-

86 775 243 854 missum,
256 772 436 862 perspicuo
451 768 573 838 docent
583 770 684 838 verba
692 771 941 840 Demosthenis:
965 773 1003 840 οὗ
1013 782 1143 854 πολλαῖς

89 875 224 964 ἡμέραις
243 876 384 963 ὕστερον,
422 874 475 942 ΕΓ.
492 874 684 968 Ulpiumad
698 875 731 941 h.
747 875 771 942 l.
806 875 940 944 Bellum
954 877 1047 969 quod
1061 879 1142 951 iude

90 979 231 1050 initium
241 982 342 1072 cepit,
365 996 516 1048 auctores
531 981 655 1072 passim
667 980 884 1049 Corinthium
898 1000 1027 1064 vocant,
1051 985 1141 1051 cuius

83 1111 152 1180 per
172 1104 247 1154 octo
269 1106 375 1153 annos
397 1086 480 1176 gesti
496 1083 610 1168 (Diod.
633 1083 668 1150 S.
693 1086 786 1169 XIV,
809 1087 864 1170 86)
888 1086 1034 1178 insignia
1055 1087 1141 1154 factu

87 1190 188 1258 suere
209 1189 307 1256 hacc:
331 1190 482 1257 Cononis
512 1189 556 1256 ud
585 1189 738 1256 Cnidum
757 1191 913 1270 victoria,
941 1208 1019 1281 post
1039 1215 1143 1285 quem

3 1347 4 1350 ,
82 1295 235 1362 restituti
257 1308 336 1360 sunt
355 1294 499 1362 Athenis
521 1295 610 1360 muri
637 1293 732 1388 longi
756 1295 813 1361 Ol.
839 1294 967 1375 CXVI,
991 1297 1029 1380 33
1051 1297 1141 1387 Age-

3 1407 4 1412 ’
83 1399 166 1467 silei
189 1396 231 1466 ad
254 1398 445 1466 Coroneam
465 1397 509 1464 de
530 1401 662 1467 Boeotis
685 1399 875 1500 deportata3
906 1397 1025 1466 eodem
1051 1423 1139 1467 enno

3 1523 4 1561 t
82 1504 196 1595 gravis
222 1502 342 1572 seditio
365 1503 522 1572 Corinthi
544 1522 633 1586 orta,
656 1521 733 1597 post
755 1529 858 1597 quam
883 1495 1140 1572 Lacedaemonii

2 1619 5 1692 ιζ
84 1606 241 1676 exulibus
270 1607 394 1676 auxilie
421 1607 575 1691 fe1·,entes
596 1607 817 1676 Athenienses
849 1631 928 1675 vero
955 1609 1140 1701 Boeotique

2 1708 4 1768 ἶ
85 1711 202 1780 caedis
224 1713 415 1782 auctoribus
437 1737 501 1805 per
527 1711 668 1804 longum
699 1729 832 1804 tempus
862 1715 984 1779 acriter
1010 1710 1053 1778 ad
1075 1714 1140 1808 Lug

92 1818 234 1884 thaeum
257 1817 480 1898 dimicabant,
510 1814 618 1883 donec
650 1840 716 1907 pax
744 1813 941 1882 Antalcidae
970 1816 1012 1882 ab
1041 1817 1139 1884 Arta-

87 1945 190 1990 xerxe
213 1920 336 1988 dictata
364 1921 469 1986 finem
493 1918 583 1986 hello
613 1920 774 2022 imposuit
814 1918 954 2011 Olymp.
990 1917 1137 2022 XCVIII

84 2053 114 2098 e.
152 2028 186 2096 3.
243 2028 450 2116 Temporum
483 2042 672 2092 accuratam
706 2025 993 2116 oomputationem
1031 2049 1062 2094 v.
1099 2025 1136 2093 in

20 2161 23 2166 ·
83 2129 256 2200 Dodwelli
279 2129 444 2200 Chronol.
466 2129 721 2222 Xenophonteo.

3 2325 5 2370 l
89 2361 120 2428 5.
144 2356 247 2442 ἔπιιδὴ
281 2357 418 2444 Θηβαῖοι
447 2354 665 2447 κριιτήσιιντειςΙ
690 2358 729 2423 ἒν
762 2355 984 2442 Acincum
1017 2351 1135 2420 cicuitio

3 2917 5 3002 l

136 2465 310 2548 ἔπεχιίρουν
334 2459 423 2549 [τοὺς
443 2459 750 2550 Λακιδαιμονίοιις],
775 2459 979 2527 διεκωλύσατε
1009 2457 1050 2524 οὗ.
1074 2483 1137 2546 φο-

136 2567 287 2652 βηθέντες
299 2563 357 2651 τὴν
366 2561 436 2630 τότε
451 2565 605 2708 Gpflpllocg
615 2563 735 2719 cidini
750 2565 801 2629 rol
816 2561 912 2642 δόξαν
922 2559 1135 2650 ὑπάρχουσαν.

546 2681 580 2721 ιι·1
581 2683 603 2720 ι

172 2753 434 2824 Lacedaemonii
454 2777 538 2848 paco
560 2750 759 2819 Antnlcidea
789 2753 832 2821 ob
864 2755 1020 2820 amissum
1040 2755 1138 2847 prin-
1162 2787 1165 2794 v

3 2869 5 2900 l
84 2863 236 2955 cipetum
263 2858 349 2925 mele
379 2860 528 2925 contenti
556 2882 633 2924 mox
655 2881 755 2925 novas
788 2860 825 2924 in
860 2847 1002 2926 Graecia
1024 2859 1136 2926 turbes

3 3007 4 3054 ι
83 2967 233 3034 excitare
261 2965 372 3032 conati
400 2957 494 3037 suut.
541 2962 658 3053 ltaque
685 2958 824 3054 Olymp.
849 2961 1014 3044 XCVIII,
1049 2964 1068 3031 3
1102 2979 1136 3030 et

3 3072 106 3158 4
150 3071 380 3139 Mantinenses
413 3068 631 3159 impugnent3
666 3065 799 3142 deinde
831 3065 973 3157 Olymp
1008 3065 1134 3148 XCIX,

3 3167 4 3230 l
83 3202 105 3244 ιι
130 3177 288 3242 societate
313 3195 392 3238 cum
407 3172 563 3264 Amynta,
585 3193 664 3263 rege
679 3167 908 3252 Macedoniae,
929 3169 1015 3237 facta
1028 3169 1138 3264 Olyn

82 3282 169 3348 thiis
191 3277 322 3350 bellum
344 3273 508 3357 inferunt,
537 3299 605 3368 quo
627 3271 772 3341 feliciter
802 3291 966 3342 transacto
998 3273 1136 3368 Olymp.
1207 3322 1210 3331 .

83 3387 128 3467 C,
156 3409 168 3450 1
208 3383 309 3450 totius
334 3379 494 3446 Graeciae
517 3376 628 3446 denuo
631 3379 827 3480 principes
845 3380 1000 3448 existunt.
1034 3378 1137 3449 Diod.

80 3490 123 3560 S.
147 3487 241 3570 XIV,
265 3510 302 3552 ιι
331 3502 431 3550 etse.
455 3483 612 3575 Xenoph.
631 3479 720 3550 Hetl.
742 3484 785 3565 V,
808 3473 841 3566 3,
865 3506 916 3573 ²7·
963 3484 1137 3578 Occupato

3 3599 4 3679 3
81 3595 181 3664 enim
202 3612 265 3683 pe1
286 3589 446 3656 iniuriam
467 3613 486 3656 a
508 3587 694 3670 Phoebidu,
717 3612 824 3680 quum
847 3587 1036 3704 Olynthum
1057 3613 1138 3681 pro
1234 3645 1235 3648 ,

80 3697 318 3775 fieiseebutur,
349 3692 842 3776 arochebana,unive1·sam
873 3716 1010 3800 quoque
1031 3694 1138 3762 Boeo-

83 3805 172 3870 tiam
196 3802 234 3866 in
257 3814 454 3892 potestatem
475 3821 569 3864 suam
590 3794 797 3896 redegerant.
846 3798 893 3865 At
921 3803 1000 3864 mox
1028 3795 1151 3864 exules

81 3905 255 3986 Thebani,
278 3901 509 3969 adiuvantibus
536 3901 669 3969 fortiter
689 3900 968 3983 Atheniensibus,
991 3900 1138 3996 expulsis
1275 3955 1277 3960 .

86 4034 132 4078 ex
152 4032 228 4076 arce
250 3991 525 4076 Lacedaemoniis
557 4004 643 4072 belli
664 4007 863 4097 gravissimi,
892 4005 986 4100 quod
1006 4007 1139 4076 Boeoti-

89 4139 173 4183 cum
193 4130 340 4195 vocabu,
362 4127 512 4182 auctores
537 4109 627 4180 liunt
648 4108 840 4203 OlympC,
862 4109 894 4180 3.
938 4111 1020 4180 Eius
1032 4108 1137 4180 Athe-
