2694 4784
500 253 658 363 ru..

75 445 130 514 que
150 422 257 514 primo
279 418 354 490 loco
372 423 508 492 'eiectos
530 425 667 492 Euboea
697 422 739 491 ab
761 422 1020 492 Atheniensibus
1050 441 1102 518 ty-

73 548 182 592 rannos
192 543 364 609 memorat,
374 551 437 618 pro
450 527 590 619 eiusque
602 529 729 622 incepti
740 527 830 595 felici
842 551 995 594 successu
1007 553 1103 597 coro-

71 646 175 696 natum
203 650 237 696 sc
260 629 301 694 ab
323 629 516 700 Aristonico
540 649 693 716 testatur,
726 633 772 698 ita
798 647 836 697 ut
862 629 950 698 illud
971 633 1041 700 edre
1063 636 1102 702 in

73 733 181 800 verbis:
205 733 471 822 στεφανωσάντων
492 733 696 821 columbaria
712 737 766 821 ἐμὲ
787 737 835 804 ἐπὶ
857 735 978 813 τούτοις
999 736 1101 820 τότε,

72 835 107 904 ad
126 835 162 904 id
181 839 293 931 ipsum
315 841 475 932 temporis
487 857 697 908 momentum
717 839 894 934 pertineat,
919 839 1104 932 qquthe-

69 942 229 1008 niensium
249 943 287 1008 in
309 942 483 1012 Euboeam
505 943 671 1037 expeditio
693 962 846 1037 suscepta
869 959 918 1010 est
940 960 974 1009 et
995 961 1102 1012 trans-

69 1062 141 1112 acta.
183 1045 268 1134 Nam
291 1044 415 1114 deinde
436 1072 471 1139 p.
496 1048 558 1133 adi
582 1050 630 1116 sio
651 1051 777 1142 pergit:
797 1047 913 1128 ,οὐκοῦν
933 1049 1024 1135 μέχρι
1045 1050 1103 1132 μὲν

67 1157 122 1216 τῶν
139 1149 263 1238 χρόνων
285 1153 414 1235 ἐκείνων,
440 1156 472 1219 ἐν
494 1149 541 1230 οἷς
556 1154 641 1220 τοῦτ’
663 1153 819 1241 inerim,
843 1152 963 1230 πάντας
976 1151 1102 1236 ἀνωμο-

67 1253 190 1340 λόγημαι
213 1254 286 1332 τοὺς
304 1255 439 1342 χρόνους
459 1255 499 1323 τὰ
519 1257 632 1346 ἄριστα
653 1256 800 1344 πράττειν
820 1263 860 1346 τῇ
882 1256 1029 1324 πόλει...
1053 1271 1114 1320 atr

67 1381 130 1450 que
156 1359 271 1452 paucis
298 1359 408 1425 verbis
430 1377 520 1452 post:
551 1359 655 1447 ἐπειδὴ
686 1363 790 1426 τοίνυν
820 1363 853 1426 ἐκ
881 1367 939 1445 τῆς
964 1359 1102 1443 Εὖβοίας

67 1457 81 1526 i
104 1463 257 1539 Φίλιππος
278 1461 418 1550 ἐξηλάθη
431 1513 439 1530 .
453 1515 460 1531 .
474 1513 504 1531 ..
528 1465 634 1556 ἕτερον
659 1463 739 1531 κατὰ
769 1471 827 1551 τῆς
851 1461 969 1540 πόλεως
990 1467 1102 1564 ἐπιτετ-

64 1564 171 1649 χωμόν
192 1565 449 1658 iin'astsquibus
472 1569 631 1636 continuo
654 1569 773 1635 transit
794 1567 837 1633 ad
859 1567 1103 1659 expeditionem
1194 1573 1199 1580 '

65 1667 317 1736 Atheniensium
339 1671 540 1763 Byzantium.
572 1671 686 1738 -Unde
701 1671 875 1738 manifesto
887 1669 1004 1763 liquet,
1023 1671 1104 1736 Ari-

66 1773 178 1840 stonici
202 1771 432 1843 decretumst
464 1777 507 1844 ob
528 1800 581 1844 res
611 1777 648 1842 in
670 1776 808 1842 Euboea
833 1773 976 1842 feliciter
997 1793 1102 1866 gestas

66 1897 128 1944 csse
153 1877 275 1958 latuin,
316 1895 350 1944 et
383 1881 494 1946 statim
525 1897 602 1974 post
637 1879 788 1973 expulsos
820 1879 958 1948 Euboea
975 1879 1104 1972 ¹tyran·
1213 1971 1216 1976 ἱ

65 2003 128 2048 nos.
172 1980 276 2068 Quod
298 1982 401 2074 igitur
422 1983 592 2076 reliquum
614 2003 673 2068 est,
694 2001 731 2051 ut
757 1982 976 2078 expeditionis
997 1983 1102 2077 ipsius

65 2109 202 2168 annum,
237 2109 418 2179 rerumque
448 2089 484 2154 in
508 2089 645 2160 Euboea
667 2106 850 2182 gestarum,
874 2111 957 2181 quaes
979 2113 1014 2180 p.
1037 2090 1114 2174 ²⁴lss'

66 2207 94 2256 et
114 2195 176 2260 aba
200 2191 444 2262 Demosthenes
465 2211 639 2275 memorat,
661 2196 849 2263 universam
864 2194 1029 2261 rationem
1050 2215 1104 2260 ac·

65 2313 170 2364 curate
193 2296 417 2389 inquiramus,
441 2295 542 2364 adid
564 2299 631 2364 iam
653 2299 887 2366 convertimur.

146 2401 243 2485 Quae
264 2401 302 2466 in
329 2401 466 2468 Euboea
498 2419 602 2468 aetate
624 2401 818 2495 Philippica
838 2403 924 2467 facta
944 2401 1022 2482 sint,
1047 2421 1104 2466 eo·
1135 2395 1140 2408 ⁸

63 2527 311 2574 rummancam
333 2503 513 2573 admodum
544 2523 578 2572 et
597 2506 833 2599 perobscurum
861 2503 1023 2571 habemus
1046 2525 1103 2569 co·
1193 2533 1196 2537 ·

64 2612 255 2700 guitionem.
313 2610 426 2704 Ipsam
458 2609 710 2704 expeditionem
747 2628 862 2678 contra
894 2615 1052 2700 tyrannos
1083 2629 1103 2671 a

63 2713 217 2809 Philippo
240 2715 278 2780 in
299 2714 437 2782 Euboea
458 2716 653 2784 constitutos
674 2713 865 2808 praeparcis
887 2712 996 2780 verbis
1018 2711 1104 2778 Dio-

64 2813 158 2886 dorus
189 2817 259 2888 Sic.
293 2821 400 2913 tergit
428 2819 543 2909 (XVI,
576 2819 646 2910 74),
674 2815 761 2884 nihil
783 2815 1103 2910 referens,.praeter

64 2923 151 3013 quod
173 2922 316 3016 olymp.
334 2922 426 3006 CIX,
448 2924 470 3010 4
494 2923 693 3004 Clitarchus,
716 2922 867 2988 Eretriae
890 2937 1061 3013 tyrannus,
1083 2945 1103 2985 a

63 3025 245 3108 Phocione,
274 3027 536 3094 Atheniensibus
567 3028 674 3119 copiis
704 3021 890 3118 praefecto,
920 3023 1025 3091 victus
1058 3025 1103 3091 sit

62 3128 236 3226 insulaque
259 3130 422 3224 expulsus.
469 3132 560 3215 Quae
582 3155 660 3224 vero
690 3131 750 3200 ista
772 3129 1023 3220 praecesserint,
1045 3149 1103 3194 eo-

62 3258 133 3304 rum
164 3261 231 3304 nec
259 3233 426 3304 Diodorus
462 3257 526 3301 uec
555 3234 645 3300 ullus
676 3231 761 3300 elius
793 3255 908 3297 rerum
937 3249 1103 3322 gestemm

63 3343 202 3434 scriptor
234 3336 565 3434 quantulamcunque
592 3339 748 3408 notitiam
785 3333 985 3428 suppeditat.
1042 3335 1103 3401 Ni·

62 3442 243 3514 hilominus
265 3441 504 3512 Demosthenes
533 3467 638 3536 aeque
666 3460 700 3510 et
726 3440 908 3510 Aeschines
936 3438 1027 3506 haud
1048 3463 1102 3504 ra-

62 3570 129 3614 ram
151 3549 308 3616 Euboeae
319 3545 539 3641 Philippique
560 3545 772 3614 moliminum
794 3542 837 3622 ad
850 3541 992 3612 insulam
1012 3543 1100 3609 hanc
1127 3540 1129 3545 ’

63 3675 117 3718 suo
140 3652 281 3720 arbitrio
303 3650 684 3720 subiiciendamfaciuut
705 3651 921 3716 mentionem.
966 3646 1015 3714 Ea
1036 3647 1101 3740 igis
1181 3719 1183 3728 ¹

63 3739 115 3822 tui·
141 3757 373 3849 potissimum,
408 3781 493 3849 quac
521 3757 562 3821 ab
591 3755 776 3822 oratoribus
807 3754 888 3845 ipsis
910 3749 1102 3817 indicantur

63 3862 174 3958 magis¹
187 3885 291 3952 quam
312 3859 514 3940 referuntur,
539 3857 733 3953 colligentes
753 3879 834 3952 nos,
867 3879 953 3948 quae
976 3851 1019 3922 ad
1040 3877 1101 3924 no·

63 3977 163 4030 strum
186 3963 291 4032 linem
313 3963 499 4059 expediant,
523 3965 759 4032 constituamus
781 3983 913 4029 necesse
935 3974 993 4028 est.

731 4077 770 4138 11
