2750 4772
622 275 625 281 ’
671 303 827 409 ...ιι

169 500 171 504 ·
221 475 332 552 rinos
354 487 491 538 conatus
513 468 670 564 persequi
691 485 820 565 posset,
844 455 1024 538 exercitum
1045 471 1081 537 in
1106 470 1174 540 duo
1196 487 1275 567 pa'r-

230 579 326 658 titus,
349 571 529 642 dimidium
553 569 596 641 ad
611 577 910 696 oppugnationem
934 575 1199 644 continuandam
1220 598 1276 644 re-

102 703 105 708 ·
221 682 347 778 iiquit3
370 703 448 746 cum
469 681 588 746 ceteris
609 679 681 774 ipse
703 683 770 745 iam
791 676 835 746 ad
851 679 1053 774 Byzantium
1075 702 1276 774 oppugnari·
1349 705 1351 710 ·

224 784 312 884 'dum
344 805 521 852 conversus
550 800 608 851 est.
654 781 753 874 Diod.
782 783 883 866 XVI,
916 785 967 876 76.
1012 783 1207 852 Haecindc
1230 787 1274 854 ab

222 891 363 982 incepta
385 886 538 954 Perinthi
565 890 816 981 oppugnatione
845 885 1014 954 Diodorus
1038 887 1155 977 (XVI,
1179 890 1273 980 74-

212 994 302 1086 ³76),
342 990 551 1083 Selymbriae
584 987 795 1060 obsidionem
822 993 1045 1085 praeteriens,
1079 993 1183 1062 refert
1209 995 1272 1063 sub

221 1097 369 1190 'Olymp.
384 1095 475 1180 CIX,
499 1095 521 1182 4
541 1112 618 1189 post
640 1092 1026 1190 expulsumaPhocione
1049 1095 1270 1184 Clitarchum,

198 1209 407 1296 ntyiannum
434 1199 606 1282 Eretriae,
635 1223 745 1294 quem
771 1224 839 1267 nna
869 1201 947 1268 c'um
968 1199 1161 1283 Philistide,
1186 1151 1287 1271 Orei'

142 1351 147 1358 ·
225 1324 380 1400 tyranno,
402 1303 545 1372 eiectum
568 1327 651 1372 esse
657 1307 797 1372 ineunte
818 1303 1123 1400 medioveOIymp.
1137 1293 1219 1376 CIX
1243 1333 1272 1376 a.

226 1411 342 1532 4'sup
364 1407 388 1477 l.
410 1410 678 1480 monstravimus.
723 1407 919 1499 Eodemque
947 1425 1113 1504 tempore,
1134 1408 1200 1480 hoc
1213 1431 1301 1482 est*

227 1515 327 1582 sub
311 1526 426 1606 ipsum
442 1535 504 1582 rer
527 1512 666 1610 Olymp.
690 1513 787 1593 CIX,
810 1510 1053 1599 4Perinthum
1074 1525 1271 1619 oppugnare

225 1617 424 1718 Philippum
448 1618 615 1710 coepisse,
639 1613 857 1738 Selymbriae
870 1615 1002 1686 obsidio
1025 1611 1142 1701 docet,
1164 1641 1270 1713 usqua

220 1723 270 1790 'ad
294 1715 442 1791 hiemem
476 1721 628 1789 eiusdem
656 1723 738 1788 anni
769 1721 971 1790 continuata.
1030 1720 1142 1790 Simul
1170 1725 1272 1794 enim

102 1847 104 1851 ·
224 1851 302 1895 cnm
330 1826 518 1920 Selymbria
548 1826 747 1894 Perinthum
776 1828 879 1893 etiam
905 1811 1072 1895 obsessam
1093 1849 1164 1895 non
1188 1852 1272 1896 con-

203 1933 397 2020 cesserim,
428 1929 557 2024 quippe
590 1947 662 1997 tum
699 1929 879 2000 Perinthiis
912 1934 1026 2026 potius
1068 1931 1192 1998 auxilia
1208 1958 1211 1970 ·
1228 1934 1271 1999 ab

161 2083 166 2092 ,
224 2032 646 2104 Atheniensibus'ferenda
674 2033 811 2128 fuissent
833 2058 888 2120 ea,
919 2057 1005 2128 quae
1026 2033 1270 2130 Selymbrianis

223 2143 325 2208 missa
348 2139 418 2206 esse
439 2135 619 2231 Philippus·
639 2137 813 2207 contendit
833 2141 870 2206 in
894 2137 1043 2232 epistola.
1129 2173 1137 2197 ι

225 2292 226 2296 ,
314 2244 383 2311 lam
405 2265 483 2311 vero
506 2243 668 2310 Perintho
690 2267 753 2336 per
775 2261 840 2310 tres
863 2257 1045 2337 quatuorve
1063 2249 1269 2314 mensoriu-

225 2371 364 2416 cassum
376 2346 540 2417 acerrime
560 2363 753 2442 oppugnata
775 2343 955 2441 Philippus
978 2348 1021 2415 ad
1034 2349 1186 2440 Byzantii
1207 2351 1269 2418 ob·

153 2481 154 2486 ¹
221 2452 390 2522 sidionem
420 2451 540 2521 eodem
570 2475 658 2520 anno
688 2453 757 2518 iam
789 2450 832 2519 ad
860 2453 964 2519 finem
990 2471 1147 2547 vergente
1168 2451 1269 2524 traie-

222 2559 402 2626 citiam
431 2536 524 2626 cniin
560 2556 661 2622 sub
650 2579 725 2649 ipsa
749 2554 887 2650 Olymp.
919 2557 1015 2640 CIX,
1038 2558 1061 2644 4
1097 2559 1269 2653 inceptam

222 2663 317 2729 urbis
347 2662 448 2729 huius
483 2656 693 2731 obsidionem
719 2657 888 2728 Diodorus
915 2660 1021 2730 tradit
1040 2663 1142 2746 XVI,
1173 2665 1268 2756 7653

265 2991 361 3076 )Ad
382 2994 525 3058 eundem
528 3016 633 3058 annum
653 2996 777 3081 Dionys.
798 2996 820 3059 l.
842 3019 868 3062 c.
894 3020 940 3061 ao.
963 2999 1166 3062 Demosthenis
1188 3023 1268 3085 quo·

309 3105 369 3170 que
391 3086 549 3147 orationem
577 3084 642 3147 adv.
664 3086 793 3170 Philipp.
815 3085 861 3147 XI
881 3086 981 3165 refert,
1010 3111 1069 3174 qua
1089 3086 1268 3150 Demosthe-

219 3209 223 3216 ·
307 3192 374 3233 nem
405 3171 495 3234 tradit
521 3173 701 3236 cohortatum
731 3175 921 3239 Athenienses
954 3195 1031 3254 esse,
1065 3189 1116 3254 nt,
1148 3197 1267 3258 quum

250 3263 254 3272 '
306 3274 416 3344 rupta
431 3260 496 3321 iam
512 3281 579 3344 pax
600 3261 662 3340 sit,
683 3261 877 3342 Byzantiis
899 3262 1037 3322 auxilia
1059 3264 1265 3326 mitterent.

306 3345 347 3408 At
368 3345 436 3406 iude
458 3346 557 3430 colligi
578 3369 636 3407 non
656 3362 768 3430 potest,
797 3349 955 3410 orationem
977 3349 1086 3409 banc'
1076 3364 1152 3410 mter
1161 3352 1265 3434 ipsam

306 3433 362 3493 iarn
382 3433 512 3514 Byzantii
534 3431 715 3494 obsidionem
735 3433 860 3496 habitam
882 3455 954 3496 esse.
997 3437 1052 3496 Est
1073 3437 1150 3498 euim
1168 3435 1264 3497 unde·

307 3521 377 3582 cina
406 3518 454 3579 illa
474 3519 608 3620 Dionysii
635 3519 797 3603 Philippica
825 3543 873 3599 ea,
903 3522 985 3584 cuitu
1013 3523 1156 3604 genuinae
1183 3537 1263 3584 certe

305 3620 403 3690 partes
425 3619 537 3668 exstant
556 3606 587 3666 in
608 3620 720 3690 quarta,
742 3627 828 3689 quam
840 3625 893 3668 nos
917 3625 1067 3688 vocamus,
1088 3609 1264 3693 Philippica.

307 3693 390 3754 Hanc
414 3706 511 3752 autem
543 3691 681 3776 equidem
708 3693 758 3754 Ol
776 3692 853 3754 CIX
879 3713 904 3755 a.
933 3692 1107 3766 dinennte
1128 3697 1264 3759 mediore

304 3777 430 3839 habitam
450 3777 588 3855 dixerim,
614 3776 772 3840 nondum
763 3795 877 3863 incepta
898 3781 1028 3864 Byzantii
1055 3777 1210 3845 obsidione
1232 3799 1263 3845 et

305 3887 342 3925 ne
364 3861 502 3927 Perintho
525 3822 681 3950 quidem
672 3889 728 3928 ram
758 3867 897 3950 operibus
925 3869 1027 3929 clausa.
1070 3871 1184 3932 Natu
1174 3893 1205 3931 ιιι
1228 3893 1262 3932 ca

217 3963 219 3970 ’
305 3950 344 4011 ad
382 3951 579 4018 mittendos
571 3976 600 4012 m
634 3953 761 4014 Persium
796 3955 906 4038 legatos
939 3969 1055 4017 orator
1070 3957 1263 4020 Athenienses

305 4037 409 4185 εἴξειε
430 4039 472 4122 (p
499 4033 583 4125 ι39),
604 4039 683 4144 unde
705 4041 858 4102 Perinthiis
879 4040 1004 4129 obsessis
1030 4043 1086 4104 lata
1114 4059 1184 4107 sunt
1207 4067 1263 4105 au
