2706 4782
710 308 867 408 412-

265 499 300 544 se
322 468 457 568 publice
480 494 550 542 acta
572 475 653 553 sint,
682 494 746 563 per
768 490 912 565 quatuor
933 473 1041 565 capita
1063 493 1211 559 enarrat,
1239 480 1318 544 arti-

265 581 377 647 ficiose
400 573 482 645 cums
500 579 655 643 universa
669 577 819 644 oratione
834 594 997 659 contexta,
1021 580 1184 671 usquead
1199 584 1317 674 prima

262 701 340 778 post
362 681 494 750 cladem
517 681 788 748 Chaeronensem
810 698 976 774 tempora,
1011 706 1030 748 e
1063 683 1187 775 quibus
1216 711 1318 753 causa

219 853 229 860 .
265 786 478 882 Ctesiphonti
500 787 543 851 ah
561 784 731 885 Aeschine
753 783 840 853 dicta
863 802 896 853 et
917 787 989 878 ipsa
1010 785 1092 854 haec
1109 788 1317 857 Demosthe-

262 895 316 960 nis
339 892 445 960 oratio
468 891 633 981 originem
655 892 754 982 cepit.

348 1102 459 1194 Atque
481 1101 592 1192 prima
613 1123 690 1194 pars
713 1101 931 1167 enarrationis
944 1102 981 1166 in
993 1100 1086 1168 brevi
1101 1079 1162 1168 illo
1178 1119 1315 1195 tempo-

260 1209 307 1274 ris
329 1207 434 1297 spatio
457 1222 615 1286 versatur,
639 1204 733 1298 quod
754 1207 848 1272 inter·
863 1207 1009 1298 primam
1028 1205 1119 1298 pacis
1142 1205 1312 1300 Philippo

214 1336 217 1352 ¹
261 1309 610 1378 cumAtheniensihus
622 1307 872 1402 componendae
882 1310 1074 1400 pactionem
1085 1309 1312 1378 etPhocensis

258 1414 343 1482 belli
364 1415 469 1481 finem
489 1411 739 1508 vindictamque
757 1412 799 1480 de
819 1409 1046 1510 Phocensib'us
1063 1431 1235 1506 sumptam
1250 1416 1313 1485 de·
1340 1475 1341 1490 ,

260 1520 367 1601 fluxit,
379 1527 438 1603 (or.
456 1513 581 1586 decor.
594 1543 629 1609 p.
645 1520 703 1587 231
719 1519 832 1608 —239
847 1514 898 1583 ed.
915 1516 1052 1604 lleisls.)
1097 1517 1214 1586 Altero
1230 1518 1310 1588 loco
1340 1515 1341 1534 ¹

260 1624 302 1691 de
317 1626 358 1690 iis
381 1641 493 1691 orator
511 1622 654 1704 disserit,
677 1647 763 1717 quae
777 1641 936 1715 tempore
960 1623 1051 1714 pacis
1073 1639 1164 1689 actae
1181 1640 1306 1691 tentata

214 1782 220 1792 .
258 1747 292 1796 et
312 1745 501 1824 perpetrata
524 1755 542 1795 a
564 1727 726 1822 Philippo
749 1728 832 1810 sint,
864 1750 949 1818 quae
975 1726 1017 1791 ab
1039 1726 1303 1794 Atheniensibus

258 1832 413 1902 adversus
436 1831 574 1901 callidas
595 1833 749 1924 Philippi
773 1847 910 1898 conatus
932 1847 1100 1922 suscepta,
1130 1855 1238 1925 usque
1263 1831 1308 1898 ad
1340 1907 1341 1918 χ

255 1938 521 2030 redintegretum
551 1935 691 2028 Olymp.
723 1935 802 2015 CX,
844 1960 853 2000 1
894 1935 1024 2003 bellum
1052 1953 1084 2002 et
1114 1936 1307 2004 Athenien-

254 2043 342 2109 sium
371 2039 619 2133 expeditionem
646 2039 881 2132 Byzantiorum
923 2035 1042 2107 a'uxilio
1081 2041 1214 2106 missam
1253 2045 1304 2135 (p.

255 2145 473 2240 2475263)3
498 2146 596 2212 tertio
626 2143 735 2237 capite
757 2163 956 2239 enarrentur
972 2169 1040 2226 xea,
1072 2146 1194 2237 quibus
1220 2171 1306 2214 eon-

254 2265 359 2316 tracta
374 2267 431 2342 ¹est
451 2239 552 2333 altera
574 2247 727 2342 Philippi
750 2250 787 2314 in
802 2248 977 2346 Graeciam
1000 2251 1184 2340 impressio,
1208 2251 1303 2318 The-

176 2383 180 2397 *
252 2355 419 2422 banorum
441 2379 518 2422 cum
534 2351 796 2422 Atheniensibus
818 2352 946 2435 foedus,
968 2352 1095 2420 bellum
1120 2378 1297 2422 commune

250 2461 289 2527 in
311 2459 435 2530 finibus
457 2460 613 2526 Boeotiae
644 2477 783 2554 gestum,
811 2468 918 2550 usque
941 2455 984 2523 ad
1006 2459 1172 2526 concisam
1203 2459 1297 2526 clade

253 2565 482 2634 Chaeronensi
513 2564 674 2630 Graeciae
696 2563 885 2630 libertatem
908 2570 952 2654 (p.
977 2565 1181 2653 275—303).
1226 2566 1298 2629 De-

250 2671 355 2760 nique
375 2667 457 2734 inde
487 2669 649 2756 ap.'3o9
680 2688 796 2730 eorum
824 2665 935 2758 aliqua
958 2661 1197 2738 Demosthenes
1223 2693 1297 2733 me-

249 2789 368 2852 morat‚·
393 2791 481 2861 quae
501 2766 671 2862 proelium
694 2767 927 2836 Chaeronense
956 2756 1115 2839 continuo
1139 2773 1299 2838 subsecu-

250 2894 282 2943 ta
313 2891 402 2962 sunt.
466 2870 594 2964 Hisque
629 2873 781 2940 terminis
821 2875 1073 2968 circumscripta
1109 2901 1147 2942 ea
1178 2901 1299 2943 rerum

249 2997 416 3072 gestarum
436 3001 513 3070 pars
537 2993 602 3059 est,
634 3001 715 3069 quas
742 2995 780 3044 ut
802 2978 845 3044 ad
873 3003 967 3053 suam
995 2979 1205 3073 reipublicae
1236 2981 1300 3047 ad-

247 3083 530 3153 ministrationem
551 3083 758 3176 pertinentes
781 3083 900 3150 ordine
924 3077 1070 3175 quodam
1092 3084 1299 3152 Demosthe-

247 3214 307 3256 nes
329 3187 454 3256 relert.'
486 3184 572 3268 Alia,
595 3211 682 3280 quae
703 3205 838 3280 praeter
860 3187 1013 3256 ordinem
1037 3206 1143 3254 tuma
1166 3188 1297 3259 Demo-

246 3293 364 3361 sthene
396 3295 468 3385 ipso
496 3291 554 3359 hic
586 3290 660 3358 illic
690 3293 850 3373 citantur,
888 3310 960 3359 tum
988 3292 1032 3358 in
1064 3295 1294 3361 monumentis

244 3395 393 3492 publicis
414 3397 529 3465 locum
549 3395 684 3476 habent,
705 3397 884 3462 maximam
893 3397 1036 3488 *partem
1057 3396 1298 3488 anteprimam
1340 3445 1341 3450 η

161 3583 164 3588 ,
245 3527 365 3595 pacem
394 3500 615 3570 Athenienses
646 3501 734 3566 inter
772 3517 804 3566 et
840 3497 1038 3594 Philippum
1074 3502 1295 3592 compositam

128 3692 137 3702 „
188 3605 198 3625 ''
243 3605 436 3678 collocanda
458 3613 545 3690 sunt',
569 3627 637 3699 quo
659 3620 810 3700 tempore
831 3606 868 3670 in
892 3605 1033 3672 Graecia
1053 3603 1183 3671 bellum
1201 3605 1295 3674 Phe·

244 3734 341 3778 eense
354 3729 484 3803 gestum
500 3728 558 3790 est,
575 3727 608 3775 et
621 3708 795 3800 Philippus
810 3711 847 3774 in
860 3711 1054 3801 regionibus
1068 3707 1291 3776 Macedoniae

242 3817 361 3882 vicinis
384 3839 462 3882 cum
483 3803 633 3881 barbaris
665 3829 699 3879 et
728 3813 864 3879 Graecis
888 3814 1071 3880 civitatibus
1103 3837 1164 3904 per
1185 3815 1289 3880 maris

241 3919 345 4008 Aegei
367 3943 460 3986 oram
481 3918 571 3998 sitis,
604 3916 934 4008 Atheniensibusque
968 3919 1005 3982 in
1034 3917 1178 3982 Thracia
1208 3942 1292 3985 con-

243 4021 346 4092 tinuis
374 4021 470 4094 bellis
503 4021 745 4116 occupabaturn
784 4021 918 4089 Praeter
947 4022 1028 4088 haec
1050 4019 1207 4114 denique
1234 4046 1292 4088 re-
