2706 4782
708 255 865 357 A

262 422 427 492 solebant.
457 417 550 487 sed
580 419 774 505 archontes,
811 443 896 512 quos
925 421 1060 489 exhibet
1086 445 1135 490 or.
1159 425 1202 492 de
1238 449 1316 508 con,

263 549 379 597 omnes
399 523 470 591 fere
492 523 533 597 ab
549 524 736 617 Eponymis
757 525 797 590 iis
825 550 928 617 quam
954 527 1096 592 maxime
1119 527 1318 609 abhorrent,

164 690 166 694 .
263 620 323 725 qui
345 631 451 698 Fastis
474 627 605 711 Atticis,
629 631 667 695 in
688 629 756 695 hac¹
773 631 972 721 praesertim
995 648 1098 697 aetate
1117 630 1319 723 Philippica

262 737 390 828 optime
413 731 603 826 exploratis,
628 734 814 826 consignati
836 751 930 802 sunt..
969 733 1089 802 Natam
1118 733 1200 800 inde
1237 718 1340 802 con-¹

62 875 63 878 ¹
112 851 114 856 ’
261 837 631 908 statianieatissimam
665 839 894 930 quaestionem
909 866 911 872 ’
926 861 996 906 esse
1018 837 1060 906 de
1081 839 1318 906 A1·chontibus

260 941 555 1037 pseudeponymis‚
579 937 730 1035 quorum'
757 967 835 1009 una,
853 941 924 1010 fere
950 959 985 1010 et
1012 944 1195 1038 praecipua
1217 943 1319 1010 sedes

263 1065 313 1116 est
334 1049 372 1113 in
393 1046 457 1114 hae
479 1047 717 1115 Demosthenis
745 1049 907 1116 oratione
960 1048 1013 1114 De
1035 1047 1102 1129 his,
1134 1072 1248 1139 quum
1280 1047 1320 1114 ad

174 1157 178 1216 ἰ
261 1150 491 1242 investiganda
513 1169 664 1256 tempora
685 1135 771 1218 nihil
794 1132 982 1243 expediant,
1006 1151 1225 1243 disputare
1195 1177 1319 1244 smgu-

158 1261 160 1264 ’
262 1256 306 1323 lis
338 1253 547 1370 quibusque
558 1255 642 1324 locis
673 1256 857 1323 omisimus.
871 1245 1185 1351 Intelligebamus
1221 1260 1319 1325 enim

261 1359 405 1427 iudicari
428 1358 516 1426 de''
493 1383 534 1426 us
549 1378 633 1427 ante
654 1374 725 1427 non
743 1383 863 1454 posse,
897 1385 1000 1452 quam
1021 1361 1120 1442 anni,
1154 1359 1199 1427 ad
1229 1386 1319 1454 quos

263 1464 413 1557 singulus
436 1486 552 1531 eorum
566 1465 720 1556 quisque
740 1463 935 1531 referendus
957 1467 1017 1546 sit,
1040 1465 1169 1558 cogniti
1191 1484 1317 1547 essent,

238 1643 240 1651 k
263 1586 297 1637 et
319 1586 471 1637 accurate
493 1571 677 1636 constituti.
721 1569 784 1635 His
805 1571 909 1663 igitur
930 1567 1117 1662 exploratis,
1141 1567 1227 1662 quid
1246 1571 1320 1638 sibi
1344 1583 1345 1662 l

261 1672 370 1742 velint
402 1673 578 1741 archontes
599 1674 666 1756 isti,
688 1676 939 1765 sententiaeque
960 1676 1112 1742 virorum
1135 1672 1314 1742 doctorum
1344 1679 1345 1684 ’

167 1774 169 1777 ’
262 1779 438 1873 hueusque
471 1777 515 1845 de
543 1780 586 1846 iis
605 1765 755 1872 prolatae
784 1779 976 1871 aliquemne
1005 1777 1151 1846 habeant
1172 1775 1244 1846 veni
1268 1778 1319 1844 si-

260 1883 510 1965 militudinem,
542 1885 580 1950 in
612 1883 759 1976 Epilogo
776 1955 778 1960 ,
798 1882 881 1950 libri
906 1883 1009 1952 ‘nobis
1046 1881 1316 1951 discernendum

261 1989 510 2080 proposuimus
1344 2013 1345 2018 ¹
