2706 4782
604 249 624 320 ⁷

1 491 6 518 ζ
86 418 154 488 hac
177 419 215 487 in
236 417 412 512 provincia
432 419 552 486 merita
580 436 669 501 sunt,
692 420 752 512 qui
774 421 905 513 primus
928 418 1137 492 difficultates

1 524 5 530 ’
87 525 169 592 istas
192 524 392 591 accuratiori
424 525 677 616 investigatione
699 521 816 618 dignas
847 525 1055 608 existimavit,
1079 524 1138 594 de-

84 651 258 696 cessorum
288 623 418 695 errores
451 627 641 720 redarguit,
668 651 783 721 neque
814 630 886 723 ipse
918 627 1137 722 indiligenter

1 727 5 735 ’
83 729 253 802 solvendis
281 730 379 800 nodis
412 751 552 800 manum
586 734 756 826 apposnit3
792 757 997 828 quamquam
1021 733 1137 802 redar-

0 921 1 940 W
85 837 239 930 guendus
262 837 334 930 ipsc
353 837 390 903 in
409 836 582 930 plerisque
604 863 623 904 a
644 837 742 905 nobis
772 855 843 904 erat
865 836 908 906 ob
929 837 1137 933 praeprope-

85 966 164 1008 ram
176 941 343 1008 indicium
363 956 396 1006 et
410 942 542 1008 critices
560 942 790 1023 temeritatem,
814 965 881 1035 qua
896 941 932 1008 in
947 939 1027 1042 salsa
1037 942 1137 1011 facile

84 1046 201 1139 abripi
222 1044 315 1113 solet.
360 1045 440 1113 Post
460 1044 521 1112 hos
544 1046 632 1114 viros
654 1047 692 1112 in
714 1046 952 1112 recentissimis
966 1045 1135 1115 Weisltius

84 1167 149 1232 est,
172 1151 232 1240 qui
254 1146 540 1216 dissertationibus
564 1148 606 1216 de
627 1149 826 1242 hyperbole,
849 1173 1003 1219 errorum
1022 1151 1059 1217 in
1081 1152 1136 1219 hi-

82 1254 190 1322 storia
211 1250 364 1346 Philippi
386 1256 640 1321 commissorum
657 1255 832 1346 genitrice,
849 1253 960 1328 inulta
971 1254 1040 1322 huc
1057 1280 1137 1349 per-

82 1358 231 1426 tinentia
259 1355 302 1422 ad
331 1381 444 1424 veram
473 1382 588 1426 rerum
617 1375 876 1452 temporumque
905 1357 1135 1448 conditionem

82 1463 311 1555 investigavit,
341 1459 503 1554 pleraque
533 1462 630 1531 docte
653 1481 894 1532 commentatus
918 1479 982 1545 cst,
1013 1462 1073 1531 sed
1094 1489 1136 1531 ex

83 1556 308 1636 instituti'sni
329 1566 458 1635 ratione
480 1590 592 1658 neqne
615 1565 659 1632 ad
680 1569 803 1649 omnia,
826 1565 949 1658 quibus
964 1570 1069 1637 oratio
1092 1566 1135 1636 de

83 1695 212 1742 corona
234 1686 352 1740 onusta
374 1687 423 1737 est
444 1669 707 1763 impedimentis,
729 1669 940 1762 diligentiam
965 1697 1061 1740 suam
1082 1674 1135 1739 in-

90 1776 237 1858 tendere,
261 1793 295 1843 et
315 1773 465 1842 indicare
487 1775 590 1866 magis
605 1797 707 1868 quam
723 1774 892 1868 explicare
905 1779 1025 1868 potnit,
1049 1799 1134 1870 quae

87 1907 161 1950 vcta
182 1881 249 1948 sibi
272 1879 421 1972 salsaque
443 1902 512 1946 esse
534 1877 738 1947 viderentur.

173 2089 230 2157 Ad
258 2087 440 2158 consilinm
471 2106 624 2156 nostrum
651 2087 764 2181 redeo.
809 2089 860 2156 Eo
888 2089 993 2180 igitur
1013 2087 1052 2156 id
1072 2111 1134 2181 po·

85 2197 253 2264 tissimum
283 2216 405 2286 operae
432 2194 581 2286 pretinm
610 2193 884 2275 existimavimus,
923 2209 962 2258 ut
990 2192 1034 2259 ad
1060 2217 1135 2262 ora-

86 2289 214 2368 tionem
236 2296 491 2392 intelligendam
517 2295 856 2390 quantulumcunque
884 2291 1023 2364 subsidii
1054 2321 1134 2392 snp-

85 2403 268 2495 peditetur.
315 2400 409 2470 Alias
440 2403 512 2468 eius
545 2400 718 2482 utilitates,
750 2425 837 2490 qnae
864 2402 954 2468 inter
981 2399 1134 2468 laborem

92 2510 215 2599 ipsum,
245 2529 362 2596 magna
383 2529 425 2572 ex
449 2521 545 2597 parte
573 2525 763 2596 operosum,
785 2502 932 2570 multum
953 2502 1135 2570 afferebant

85 2611 305 2690 incitamenti,
327 2607 577 2677 commendabit
606 2611 678 2701 ipsa
707 2608 867 2676 orationis
889 2608 1038 2700 gravitas.
1082 2606 1134 2672 Ea

85 2738 165 2784 vero
189 2714 306 2806 quanti
328 2715 371 2780 sit
390 2711 554 2781 momenti
577 2711 628 2805 ad·
641 2709 815 2780 historiam
841 2713 878 2778 in
903 2712 1025 2806 primis
1047 2727 1134 2779 aeta·-

84 2821 127 2886 tis
149 2817 371 2911 Philippicae,
395 2820 489 2886 cuius
512 2833 664 2884 accurata
686 2817 880 2908 cognitione
897 2819 1013 2882 rursus
1034 2816 1134 2882 unice

81 2924 208 2992 nititur
227 2940 398 2991 oratorum
409 2921 561 3002 eiusdem
577 2921 735 3013 temporis
758 2936 792 2987 et
806 2919 1042 2989 Demosthenis
1063 2943 1134 2987 ma-
1220 2937 1221 2942 ’

79 3029 172 3096 xime
199 3029 285 3094 iusta
314 3025 507 3119 explicatio,
536 3023 652 3094 multis
675 3047 843 3116 exponere
871 3047 943 3092 non
964 3047 1050 3118 opus
1072 3043 1156 3093 est-t

73 3129 326 3223 ·Persequendo
354 3129 494 3198 consilio
517 3127 600 3222 quid
620 3127 875 3222 profecerimus,
910 3128 968 3195 alii
990 3130 1059 3196 iam
1080 3129 1134 3194 in·

80 3235 209 3303 dicent
255 3233 318 3303 Sin
339 3250 450 3302 autem
471 3235 509 3300 in
530 3233 673 3325 singulis
694 3233 804 3324 operis
825 3233 976 3325 partibus
996 3200 1134 3300 lecturis

79 3341 198 3408 minus
221 3339 416 3410 satisfecisse
437 3336 585 3419 videbor,
608 3339 638 3404 si
658 3338 857 3430 praesertim
876 3334 1076 3430 quibusdam
1096 3339 1135 3402 in

82 3445 169 3513 locis
190 3442 297 3510 multa
319 3467 422 3536 opera
443 3465 567 3536 parum
589 3441 767 3523 effecerim,
790 3458 982 3510 excusatam
1000 3465 1056 3509 me
1071 3440 1136 3507 hu·

82 3549 228 3616 maniter
245 3545 338 3640 apud
354 3571 410 3616 eos
423 3568 533 3640 spero,
556 3547 616 3638 qui
637 3548 826 3636 argumenti
847 3544 1062 3614 acerbitatem
1082 3541 1136 3612 vel

84 3653 292 3753 primoribus
322 3652 423 3720 labris
453 3650 675 3744 degustarint,
712 3649 800 3717 bene
835 3650 997 3741 expertis,
1027 3650 1135 3716 inesse

81 3757 137 3825 his
167 3755 345 3850 quaedam,
374 3780 461 3850 quae
491 3758 528 3822 in
550 3771 664 3824 nostra
690 3753 784 3822 illius
812 3753 924 3820 aetatis
950 3751 1135 3820 admodum

80 3886 207 3930 manca
229 3863 421 3953 cognitione
444 3855 597 3953 expediri
617 3881 688 3928 non
707 3857 811 3951 plane
832 3859 972 3952 possint.
1016 3859 1067 3925 Ea
1087 3874 1136 3924 ta-

63 3991 167 4060 men
180 3965 282 4034 etiam
297 3984 356 4048 est,
369 3963 676 4056 „magnascientia,
692 3961 785 4057 quod
798 3959 1036 4032 nihilscitnr.“
1071 3961 1136 4029 Ce-
1218 3983 1221 3988 ·
