2648 4776
738 279 894 384 *Q*

292 446 422 543 tiosqtte
443 443 598 511 obsidere
622 445 800 542 coepisset,
823 445 1044 514 Athenienses
1068 446 1201 516 obsessis
1221 473 1255 542 op

290 550 397 617 lantes
420 548 560 631 bellum,
585 549 676 642 quod
698 573 761 641 per
782 552 974 618 universum
996 555 1088 646 pacis
1111 554 1243 645 spatium
1264 594 1271 639 5

289 655 410 736 scebat,
434 653 570 722 tandem
591 653 871 748 redintegrsrunt.
917 655 989 742 Hae
1012 675 1089 724 sunt
1106 681 1169 740 res,
1192 657 1229 724 de
1253 690 1258 718 ι

288 758 351 826 bus
373 758 469 828 nobis
492 782 529 825 ex
551 757 670 826 ordine
693 757 875 826 dicendum
898 761 971 830 erit.

293 974 319 1016 t.
363 975 397 1043 p.
422 949 496 1035 248.
541 950 672 1039 Σίρριον
700 951 735 1018 δὲ
761 952 811 1017 καὶ
840 954 998 1038 Δορίσκον
1019 991 1063 1003 -
1084 954 1135 1018 καί
1163 953 1221 1020 ὅσα
1245 981 1273 1018 ο1

331 1051 352 1138 ἢ
376 1054 466 1131 πόλις
485 1054 612 1140 ἠδίκητο
641 1093 702 1120 -.
724 1080 758 1146 p.
782 1053 856 1140 234.
875 1057 916 1120 ‘lv'
937 1054 1071 1140 ἑχόντων
1099 1064 1163 1122 τῶν
1188 1059 1264 1147 Θρην

331 1165 395 1226 τῶν
415 1155 572 1246 ὑμετέρων
593 1157 765 1244 συμμάχων
771 1209 781 1241 ,
810 1159 851 1225 τὰ
875 1162 978 1246 χωρία
1005 1161 1098 1226 ταῦθ’
1121 1160 1142 1225 ii
1164 1168 1218 1228 viv
1241 1194 1246 1218 .

331 1263 462 1351 διέσυρε,
484 1263 522 1329 τὸ
545 1262 676 1352 Σίρῥιον
696 1265 748 1329 καί
768 1261 805 1330 sd
826 1263 974 1350 Μύρτιον
1003 1265 1053 1330 καί
1081 1263 1138 1350 τὴν
1156 1265 1248 1350 Ἐρηί.

332 1365 415 1433 οὕτω
435 1365 584 1453 γίγνοινθ’
607 1368 638 1434 oi
659 1365 760 1454 ὅρκοι,
791 1365 906 1453 καὶμὴ
930 1367 1098 1456 προλᾳβών
1124 1368 1233 1446 ἐκεῖνος
1251 1393 1284 1432 ο

330 1471 507 1558 ἐπικαίρους
538 1476 603 1539 τῶν
636 1469 741 1538 τόπων
767 1470 874 1558 κύριος
900 1477 957 1549 τίς
989 1469 1117 1564 Θρᾴκης
1143 1473 1290 1568 κατασταίη

329 1599 364 1668 p.
388 1574 463 1645 236.
485 1613 529 1628 -·
552 1575 655 1662 ὤμοσε
677 1574 735 1660 τὴν
756 1574 879 1663 εἰρήνην
901 1572 1101 1659 iolitanae,
1125 1575 1292 1664 προλαβίιη

329 1677 399 1765 τὴν
435 1679 590 1774 Θρᾴκην
630 1679 682 1748 διὰ
708 1679 855 1764 τούτους,
885 1681 960 1759 τοὺς
980 1680 1049 1766 οίιχί
1075 1667 1258 1757 πειοθίποξ
1271 1683 1293 1766 ri

328 1783 393 1877 ἔμῷ
413 1786 605 1874 ψηφίσματι.
1284 1865 1287 1870 Ι

373 1907 577 1974 Iniuriarum
600 1931 730 1999 agmen,
753 1907 875 2000 quihus
897 1905 1094 2000 Philippum
1116 1907 1153 1973 in
1177 1908 1248 2000 ipso
1263 1901 1295 1996 pa

286 2009 333 2076 eis
355 2009 460 2078 laetae
481 2012 582 2080 initio
603 2012 742 2080 violasse
763 2013 833 2078 iam
855 2035 927 2078 eam
941 2009 1183 2078 Demosthenes
1197 1990 1296 2077 clamal

282 2132 451 2208 praeeunt
473 2139 541 2197 eae,
563 2140 645 2207 quas
668 2117 835 2207 occupatis
856 2117 1017 2183 Thraciae
1039 2115 1186 2184 castellis
1208 2135 1298 2209 perpe

284 2237 386 2286 trasse
407 2218 608 2312 Philippum
630 2238 777 2303 accusat,
806 2223 1071 2314 quotiesottnque
1099 2222 1136 2298 in
1168 2217 1299 2288 orationi

283 2323 347 2390 hus
370 2346 410 2394 eo
433 2323 550 2406 tendit,
573 2343 612 2392 ut
631 2322 882 2393 fraudulentum
906 2351 981 2392 eum
1008 2342 1042 2392 et
1062 2324 1207 2391 nefariae
1225 2319 1300 2388 indo

281 2425 324 2496 lis
346 2428 518 2498 hominem
546 2453 615 2496 esse
638 2427 851 2499 demonstret.
901 2427 968 2498 Per
988 2429 1193 2496 maritimam
1216 2425 1300 2492 Thra«

282 2533 354 2602 oiae
376 2557 471 2602 oram
498 2535 560 2601 sita
587 2553 680 2602 erunt
710 2535 845 2603 castella
866 2533 1047 2627 quaedam,
1077 2556 1161 2626 quse
1191 2557 1264 2600 oum
1281 2527 1300 2594 ll

282 2661 385 2729 supro
415 2661 478 2720 ee,
511 2655 583 2704 tum
612 2637 689 2705 alibi
717 2665 737 2707 ο
765 2639 990 2707 Demosthene
1024 2655 1057 2704 et
1086 2638 1128 2704 ab
1157 2636 1300 2704 Aeschini

251 2751 254 2760 ’
282 2741 463 2823 Doriseus,
502 2740 664 2810 Serrhion
702 2745 899 2836 (utrumque
932 2758 1152 2810 memoratum
1185 2743 1253 2809 iam
1284 2739 1300 2804 it

281 2843 401 2912 Xerxis
428 2844 640 2938 expeditione
657 2871 710 2940 ap.
724 2845 848 2916 Herod.
871 2846 948 2928 vtt,
973 2849 1025 2938 59,
1053 2847 1138 2936 108),
1160 2845 1300 2938 Myrtiun

281 2950 348 3020 sive
365 2945 570 3044 Myrtnnum,
593 2949 741 3043 Ergisee‚
764 2951 979 3032 Hieronoros‚
1003 2951 1185 3044 Murgisee,
1211 2950 1300 3015 Gano

281 3093 324 3110 -
347 3055 512 3123 Thraciae
539 3057 718 3122 maximam
743 3073 874 3150 partem
906 3078 1002 3123 voees
1030 3093 1071 3106 ·-
1093 3052 1300 3122 nominanttu

280 3159 428 3228 Thraces
450 3184 489 3228 es
510 3161 726 3253 possidebant
746 3158 801 3246 (de
823 3184 890 3228 cor.
912 3184 947 3251 p,
970 3159 1059 3250 234),
1082 3159 1146 3227 hoe
1169 3177 1219 3226 est
1242 3157 1300 3223 Cer

279 3262 460 3357 sobleptes,
489 3265 659 3332 Thracum
679 3289 738 3332 rex
765 3265 910 3357 regionis
932 3265 1129 3346 maritimae,
1151 3260 1195 3329 ad
1218 3263 1300 3329 Cher

279 3391 438 3438 sonesum
459 3371 610 3462 proxime
633 3371 730 3450 sitae,
760 3393 907 3462 quocum
929 3368 1108 3462 Philippus
1136 3385 1231 3434 antea
1254 3369 1300 3432 ian

276 3465 473 3544 inimicitias
495 3492 639 3565 gesserat
649 3472 691 3562 *)',
714 3473 930 3541 Athenienses
952 3487 1031 3540 vero
1052 3473 1243 3540 societatem
1264 3469 1300 3534 ha

277 3577 412 3662 bettane,
436 3603 477 3646 ex
499 3602 566 3674 quo
579 3577 634 3646 Ol.
659 3577 731 3660 GV,
754 3580 774 3648 3
799 3578 1044 3646 Chersonesum
1055 3594 1153 3670 paeto
1171 3577 1218 3643 eis
1241 3596 1300 3640 con

278 3794 592 3818 m*

321 3933 348 4018 *)
369 3935 475 3997 Filium
497 3935 572 3996 enim
596 3935 656 3994 eius
686 3931 819 3994 obsidem
848 3929 928 4014 apud
954 3929 1123 4012 Philippum
1152 3927 1256 3992 vidisse
1277 3923 1300 3982 le

362 4038 444 4104 gntus
465 4023 662 4098 Athenienses,
686 4021 763 4102 pacis
790 4017 932 4078 ineundae
961 4038 1043 4078 eausa
1071 4018 1101 4077 iu
1124 4013 1300 4078 Macedonian

364 4110 474 4186 missos,
497 4110 599 4170 Aesch.
623 4109 711 4170 refert
733 4129 765 4168 π.
789 4123 927 4188 καραιιρ.
951 4127 980 4188 p.
1006 4107 1045 4166 38
1070 4104 1090 4164 l.
