2706 4782
587 297 619 342 tx

522 367 678 384 m

81 458 257 557 Magnum
289 453 368 528 hoc
395 452 555 528 officium
582 450 848 559 Tuumteliud‚
875 448 976 552 quod
1003 451 1122 526 maius

83 559 397 665 eriamdixertm,
433 571 653 674 excipiebat.
705 577 764 648 Tu
798 553 895 647 enirn
923 597 1033 672 quum
1061 597 1122 646 mc

57 679 120 773 ¹in
147 693 306 772 edendis
332 698 424 772 meis
451 699 523 775 iam
550 711 773 795 occupatum
801 697 1060 794 comperisses,
1084 709 1123 789 ut

58 847 61 856 ’
83 823 116 894 si
143 846 218 920 qua
245 832 386 911 essent,
411 820 450 892 in
477 815 614 917 quibus
649 841 755 894 meae
788 817 950 888 rationes
984 817 1122 890 aTuis

85 939 286 1032 differrent,
312 937 362 1012 de
388 940 434 1012 iis
460 941 555 1012 inter
577 935 788 1012 nosden·1o
816 952 999 1037 ageretur,
1024 941 1137 1040 pro-3

82 1053 251 1164 posuisti,
278 1059 386 1134 simul
411 1057 503 1134 mibi
528 1057 604 1132 hoc
629 1057 833 1134 liberaliter
859 1055 1051 1149 deferens,
1083 1069 1123 1127 ut

84 1182 135 1258 de
162 1183 294 1285 quibus
327 1183 378 1255 ita
411 1182 507 1254 inter
539 1205 610 1254 nos
645 1197 867 1266 conventum
901 1195 1015 1272 esset,
1050 1201 1120 1278 ego

80 1305 179 1380 baec
211 1309 247 1380 in
281 1300 499 1404 Appendiee
533 1327 617 1376 meo
652 1301 748 1378 libro
785 1299 957 1378 addenda
1000 1323 1127 1401 expo-

83 1450 227 1518 nerem,
253 1451 351 1527 quae
386 1450 476 1499 vero
510 1423 740 1524 persuadere
773 1423 864 1498 mihi
899 1424 1018 1495 minus
1044 1445 1122 1522 po-

83 1551 236 1637 tuiases,
263 1573 307 1620 ea
333 1545 382 1622 ad
407 1545 657 1622 confirmanda
683 1570 780 1648 quae
813 1548 850 1620 in
884 1547 1129 1618 Commenta--¹

83 1670 189 1742 tione
213 1671 294 1743 Tua
319 1667 488 1760 brevius,
521 1672 661 1770 quippe
697 1666 856 1757 devitata
884 1642 1048 1738 uberiori
1075 1662 1124 1736 dc

85 1789 197 1864 rebus
233 1791 347 1892 gestis
374 1793 627 1884 enarratione,
664 1790 874 1885 statuisses,
908 1790 987 1858 Tuo
1014 1811 1036 1860 a
1062 1809 1123 1857 me

85 1913 235 1987 nomine
258 1913 608 2014 pronunciarentur.
1125 1988 1128 1996 ,

187 2037 289 2110 Haec
316 2038 407 2125 Tua,
433 2033 612 2127 Boeckhi‚
641 2059 728 2136 erga
754 2057 815 2108 me
830 2015 1026 2134 singularis
1053 2029 1124 2104 fuit

81 2155 309 2247 humanitas3
346 2158 451 2230 cuius
484 2155 694 2232 recordatio
731 2182 777 2230 eo
789 2159 987 2256 «gratiores
1015 2151 1129 2227 simul

81 2279 122 2350 in
150 2301 212 2348 me
236 2276 389 2351 affectus
416 2281 625 2370 exsuscitat,
652 2303 727 2378 quo
754 2280 871 2378 magis
893 2301 936 2348 ea
962 2276 1124 2348 animum

83 2403 214 2470 meum·
237 2399 387 2472 memini
414 2423 460 2472 eo
494 2402 593 2500 ipso.
613 2417 782 2500 tempore
817 2395 1009 2498 grauibus¹
1026 2398 1133 2471 curis.

87 2519 265 2616 vitaeque
299 2518 614 2594 vicissitudinibus
654 2519 827 2596 afflictum
866 2517 1053 2592 sublevari
1090 2531 1135 2591 et.

87 2636 192 2737 erigi.
244 2641 332 2712 Nam
358 2641 420 2715 illo
447 2640 619 2746 conditio,¹
645 2640 906 2718 humanissime
929 2641 1018 2713 aTe
1033 2634 1131 2734 mihi¹
1199 2683 1201 2688 .

84 2761 298 2858 proposita,
340 2765 554 2838 suavissima
586 2789 646 2839 me
688 2789 777 2838 sane
820 2762 939 2836 affecit
978 2759 1127 2852 laetitia,
1227 2821 1229 2828 Α

45 2929 54 2946 .
84 2903 205 2979 quum
238 2883 271 2954 si
304 2907 409 2956 meae
440 2887 479 2958 in
506 2883 744 2984 explorandis
779 2884 894 2960 rebus
927 2907 1125 2983 rerumque

84 2999 323 3099 temporibus
379 3031 457 3079 non
515 3005 696 3080 mediocri
738 3006 947 3106 diligentiae
1003 3007 1126 3077 Tuum

84 3125 288 3198 accessiset
321 3124 521 3221 iudicium,
554 3153 684 3202 omnes
721 3152 814 3228 quae
848 3125 941 3200 mihi
975 3124 1126 3200 reside-

85 3257 170 3316 rent
195 3239 445 3322 dubitationes
474 3229 666 3324 remotum
699 3247 790 3324 mibi
826 3251 1006 3348 operique
1039 3271 1128 3332 meo

84 3359 189 3438 baud
232 3369 405 3467 exiguum
442 3355 708 3446 incrementum
742 3371 894 3447 allatum
926 3371 988 3462 iri,
1021 3393 1129 3468 spem

85 3485 124 3554 in
150 3509 211 3560 me
238 3490 415 3565 excitaret
439 3491 694 3569 firmissimam
754 3492 865 3589 Quod
898 3495 1008 3566 etiarn
1041 3515 1130 3565 om·-

88 3604 295 3698 niuomeis
322 3610 415 3686 mibi
442 3639 486 3688 ex
512 3617 608 3693 votis
632 3619 821 3690 successit.
873 3616 1002 3716 Neque
1029 3613 1129 3686 enirn

86 3727 125 3796 in
157 3731 398 3807 retractandis
442 3733 669 3836 quibusdam
709 3740 803 3812 meis
845 3732 1133 3836 castigandisve,

83 3871 212 3946 neque
237 3854 275 3924 in
301 3859 509 3932 accuratius
537 3854 771 3957 explorandis
798 3857 1014 3934 aliis'Tuum
1036 3853 1129 3928 mihi

81 3993 275 4070 umquem,
302 3993 479 4075 quantum
510 3998 611 4058 certe
637 3983 719 4060 fieri
743 4008 815 4088 per
847 3984 986 4063 litteras
1013 3997 1131 4090 potc-

77 4106 163 4186 rats
180 4093 372 4176 consilium
398 4100 523 4182 debit.
