2750 4772
670 233 829 384 Α

112 439 114 443 ’
230 471 267 515 ει
288 459 602 539 perterepugnant.
647 443 761 537 Atque
787 444 968 536 primum,
984 444 1014 510 si
1037 441 1176 538 Olymp.
1204 445 1282 540 ἱιιιι

146 573 148 580 ·
231 552 322 632 CIX,
346 545 505 624 escedas
529 565 613 632 esset
643 572 723 616 cum
751 549 887 621 Euboea
915 547 1060 632 sactum,
1089 547 1273 619 indicatam

190 739 192 742 Ι
230 651 470 749 quovismodo
492 675 564 720 rem
587 653 661 720 inre
684 671 890 747 exspectares
918 654 958 732 in,
978 669 1072 722 oratt.
1101 651 1145 721 de
1168 653 1273 723 Chaa·

230 783 301 855 τρι.
326 777 362 827 et
380 755 529 850 Philipp.
554 758 620 838 III,
652 759 781 850 quippe
803 759 841 824 in
863 758 987 850 quibus
1008 781 1123 826 rerum
1144 757 1273 828 Euboi·

230 889 345 964 caram
366 860 669 966 frequentissimam
690 880 803 932 orator
823 861 921 930 faciat
941 863 1160 932 mentionem.
1205 863 1276 932 Ve-

154 961 158 972 ’
228 959 475 1036 rumenimvero
506 990 575 1034 non
608 963 717 1034 solum
748 964 847 1058 longe
876 967 984 1048 abest,
1023 985 1061 1034 ut
1093 967 1275 1036 Euboeen-

228 1098 280 1140 ses
302 1071 408 1140 socios
429 1069 688 1138 Atheniensium
710 1069 810 1151 dicat,
833 1067 923 1137 sed
912 1072 994 1164 ipsis
1017 1073 1117 1140 etiam
1133 1072 1179 1139 cis
1192 1095 1277 1165 pro·

228 1179 324 1270 priae
339 1175 493 1250 miseriae
511 1174 651 1266 vculpam
666 1175 785 1242 acerbe
798 1175 958 1266 iniungit:
982 1175 1080 1263 καλήν
1099 1176 1173 1263 γ’,οἳ
1193 1183 1276 1246 πολ-

229 1285 277 1349 λολ
304 1286 363 1346 νῦν
378 1278 593 1368 ’ἀπειλήφασιν
618 1279 769 1368 Ὠρειτῶν
791 1279 901 1366 χάριν,
938 1279 987 1347 ὅτι
1015 1289 1082 1358 τοῖς
1114 1281 1275 1350 Φιλίππου

229 1388 332 1475 φέλοις
353 1384 528 1472 ἐπέτρεψαν
554 1380 678 1466 αὑτούς,
703 1382 759 1450 τὸν
781 1384 808 1450 δ’
830 1369 994 1474 Εὐφραῖον
1019 1383 1153 1452 ἐώθουν·
1175 1385 1274 1472 καλήν

227 1491 255 1577 y'
278 1488 296 1564 ὁ
320 1493 422 1574 δῆμος
441 1485 458 1553 ὅ
476 1487 674 1574 Ἐρετριέων,
697 1487 745 1554 ὅτι
767 1487 841 1564 τοὺς
860 1489 918 1572 μὲν
938 1485 1106 1578 ’ὑμετέρους
1126 1491 1271 1578 ’πρέσβεις

146 1637 149 1643 ·
228 1590 585 1682 ἀπήλααε,χΚλειτάρχῳ
608 1595 634 1658 δ’
656 1592 800 1658 ἐνέδωκεν
822 1587 933 1660 ciria·
957 1591 1140 1660 δουλεύουσί
1151 1619 1186 1680 με
1205 1621 1270 1680 μα-

218 1687 421 1784 χστιγοιλμενοι
447 1699 499 1762 καὶ
529 1695 782 1783 στρεβλοῦμενοιι
808 1694 895 1762 ΡΙιὶΙ.
925 1695 1002 1781 ΙΙΙ,
1027 1721 1063 1789 p.
1076 1713 1080 1738 ²
1099 1699 1173 1766 128.
1227 1697 1273 1769 Et

140 1886 151 1898 ..
203 1895 205 1900 Ι
226 1820 395 1895 postrema
424 1801 526 1868 verba
553 1801 730 1890 perspicue
758 1799 903 1880 docent,
927 1802 1062 1868 missam
1084 1803 1152 1870 iam
1175 1820 1275 1870 antea

107 1958 109 1967 ,
225 1908 430 2002 legationem
457 1903 625 1971 Eretriam
662 1927 745 1985 esse,
785 1901 925 1971 eandem
963 1923 1075 1972 tamen
1109 1906 1192 1998 ipsis
1229 1907 1273 1976 ab

219 2007 474 2086 'Eretriensibus
492 2005 690 2125 repulsam,
729 2007 868 2100 Olymp.
899 2008 996 2090 CIX,
1026 2010 1063 2076 ni
1092 2007 1208 2094 fallor,
1242 2038 1272 2080 a.

16 2123 22 2126 ’
108 2112 126 2200 J
226 2117 294 2182 iam
317 2135 355 2192 a,
391 2112 470 2202 quia
490 2110 537 2174 in
551 2133 598 2176 οι.
621 2139 654 2176 π.
677 2135 817 2200 τιαρααρ.
838 2136 873 2203 p.
897 2112 962 2198 364
982 2112 1204 2202 καταράτους
1200 2116 1273 2182 Eu-

224 2219 385 2316 bocenses
403 2213 645 2283 Demosthenes
667 2231 772 2298 vocat,
796 2212 890 2308 quod
909 2215 1001 2298 haud
1022 2216 1123 2285 dubie
1144 2243 1274 2314 nupera

225 2323 320 2394 rimis
347 2319 605 2393 Atheniensium
640 2319 924 2392 cohortationibus
953 2321 1185 2418 obtemperare
1212 2321 1274 2392 de-

225 2425 496 2499 caecutirem
526 2423 648 2492 iisdem
677 2442 801 2497 tamen
825 2425 1033 2493 orationibus
1068 2443 1158 2495 tanta
1191 2452 1272 2498 cum

225 2533 406 2602 acerbitate
427 2547 460 2598 et
481 2526 714 2620 indignatione
741 2531 897 2599 miseram
919 2529 1074 2598 Euboeae
1104 2529 1274 2616 conditio-

225 2658 306 2706 nem
327 2651 439 2702 orator
461 2631 631 2714 describit,
655 2634 746 2718 etin
771 2633 1030 2702 Atheniensium
1058 2637 1273 2706 securitatem

226 2759 261 2809 et
281 2737 543 2830 negligentiam
552 2710 740 2816 invehitur,
772 2759 827 2804 cos
849 2755 887 2806 ut
915 2738 1008 2806 omni
1030 2738 1132 2830 modo
1155 2740 1198 2808 ad
1219 2767 1271 2824 ea,

213 2867 312 2936 ,quae
334 2865 409 2909 mor
432 2839 524 2904 ab
495 2861 542 2904 ers
565 2856 716 2931 suscepta
731 2857 809 2908 sunt
830 2858 863 2909 et
876 2841 1015 2935 Olymp.
1029 2821 1122 2928 ClX,
1143 2845 1273 2932 icon-

225 2948 333 3030 fecta,
364 2940 504 3012 exciure
542 2941 628 3010 velle
658 2940 819 3011 videatur.
872 2945 1001 3014 Audias
1035 2971 1114 3015 eum
1142 2971 1190 3016 or.
1226 2946 1271 3016 de

227 3053 389 3122 Cherson.
418 3074 454 3142 p.
481 3049 542 3138 98,
574 3071 640 3140 qua
664 3049 793 3131 ratione
817 3049 962 3118 Graecos
993 3052 1167 3121 contendit
1193 3055 1270 3122 iure

225 3178 324 3253 posse
352 3153 571 3222 Athenienses
601 3151 747 3245 alloqui:
774 3151 864 3236 ,,εἶτ’,
896 3147 1068 3238 ὦπολντων
1089 3157 1270 3246 ἀνθρώπων

126 3334 127 3337 ¹
225 3259 428 3351 φαυλότατοι,
453 3258 527 3326 δέκα
547 3263 649 3343 μῆνας
670 3257 896 3345 ἀπογενομένου
919 3259 1110 3350 τάνθρώπου
1134 3260 1271 3354 [Φιλέα-

217 3365 302 3460 ¹aori]
326 3372 459 3456 (nempe
482 3363 519 3429 in
541 3361 698 3444 Thracia)
719 3363 802 3452 νόσῳ
829 3365 879 3430 καλ
898 3371 1027 3448 χἐιμῶνι
1048 3369 1100 3434 καὶ
1121 3367 1270 3451 πολέμοις

116 3517 118 3522 .
225 3470 476 3558 ἀποληφθέντος,
508 3464 587 3534 ὥστε
608 3465 653 3551 μὴ
682 3465 721 3532 ἂν
754 3465 910 3534 δύνασθαι
940 3471 1121 3538 ἐπανελθεῖν
1150 3470 1266 3554 alicnde,

73 3566 74 3572 ἵ
99 3601 116 3636 .·
224 3575 295 3642 odas
318 3573 377 3658 τὴν
396 3572 534 3655 Εὔβοιαν
555 3567 803 3656 ἠλευθερώσατε,
826 3572 895 3639 οὔτε
918 3611 960 3625 --
983 3572 1049 3640 ἀλλ’
1076 3577 1189 3653 ἐκεῖνος
1210 3577 1270 3661 μέν

221 3674 312 3760 ὑμῶν
334 3677 411 3744 οἴκοι
431 3675 596 3760 μενόντων,
622 3673 738 3760 σχολὴν
751 3674 899 3761 ἀγόντων,
922 3674 1124 3763 ὑγιαινόντων
1143 3715 1188 3729 -·
1210 3679 1268 3748 odo

223 3783 256 3847 έν
276 3781 399 3873 Estote
425 3781 593 3864 κατέστησε
620 3774 789 3868 τυράννους
818 3807 846 3846 κ.
870 3806 898 3847 τ.
921 3786 950 3847 λ.
1006 3781 1056 3850 Cf.
1088 3781 1176 3850 Phil.
1206 3785 1265 3864 ΙΙΙ,
1322 3859 1326 3864 .

217 3909 256 3977 p.
285 3887 356 3966 118,
371 3877 454 3974 '¹¹9·
476 3923 520 3938 -
543 3883 743 3975 Conspirant
759 3883 945 3950 etiamalia.
988 3885 1171 3954 Aeschines
1189 3886 1268 3956 Cal·

221 3988 318 4070 liam,
354 3985 523 4056 Chalcidis
553 4005 748 4079 tyrannum,
786 4012 825 4056 eo
855 4005 1005 4080 tempore
1042 3991 1157 4058 iniisse
1176 4015 1268 4072 ,cum

198 4091 480 4182 Atheniensibus
510 4089 626 4162 foedus
654 4091 756 4191 refert
777 4110 886 4178 metu,
913 4116 956 4160 ne
979 4119 998 4160 a
1019 4091 1179 4190 Philippo
1202 4119 1267 4188 op.
