2750 4772
581 257 659 329 2³9.

535 344 692 367 m

73 425 191 520 lippo
210 421 293 494 belli
318 425 357 494 in
381 425 528 494 Atticam
557 427 666 519 ipsam
693 422 917 504 canotasenus
942 441 1055 498 aucwr
1076 449 1133 496 ex·

92 531 222 598 stiterit.
266 529 352 596 Utut
380 553 418 596 ea
439 528 482 598 de
513 553 552 598 re
575 547 712 612 statues,
742 529 818 599 hoo-
835 545 929 598 'certe
958 531 1146 613 constabit,
1224 555 1254 592 u

92 634 314 704 Athenienses
335 633 534 728 Philippum
558 634 694 728 Olymp.
720 635 794 716 CX,
819 659 838 704 a
862 632 1131 726 Elaphebolione

93 739 185 830 pacis
207 739 389 831 admonere
408 761 479 805 uon
501 740 659 831 potuisse,
682 739 749 806 nisi
771 762 810 807 ea
829 756 907 832 post
922 737 1053 806 bellum
1064 740 1131 832 By-

94 844 240 912 zantium
262 858 404 910 essetne
425 865 504 910 vera
525 843 715 936 composita.

177 948 264 1014 llis
254 948 605 1038 igitursatisexcussis,
620 947 757 1013 inviam
771 947 837 1014 iam
850 921 1035 1016 redeamus.
1064 948 1131 1016 Ita·
1228 958 1230 966 ’

94 1073 159 1144 que
179 1051 377 1144 Philippum
398 1048 554 1132 vidimus,
578 1051 717 1171 Olymp.
742 1049 822 1132 CX,
846 1051 1129 1142 nMetagitnione
1194 1071 1200 1080 ·

90 1151 173 1219 belli
207 1153 361 1222 adversus
388 1153 679 1247 Amphissenses
669 1171 904 1248 imperatorem
929 1154 1063 1237 factum,
1084 1153 1130 1222 ad

90 1256 370 1326 Boedromionem
419 1261 525 1328 socios
574 1258 873 1352 Peloponnesiacos
923 1283 1127 1328 convocasse.

90 1358 185 1428 Idem
208 1385 316 1454 quum
335 1362 437 1430 simul
464 1365 502 1430 in
530 1361 749 1456 quadraginta
777 1361 848 1430 dies
877 1366 950 1430 rein
978 1361 1129 1433 frumen·

90 1467 209 1532 teriam
233 1489 287 1534 eos
309 1486 424 1536 secum
446 1467 562 1535 afferre
584 1492 646 1560 per
669 1467 844 1560 epistolam
860 1468 1003 1550 iusserit,
1027 1493 1127 1560 quam

89 1575 226 1660 parabat
244 1569 492 1664 expeditionem
514 1573 672 1641 condono
701 1571 837 1692 aggredi
858 1571 1033 1646 manifesto
1046 1595 1128 1642 ‘mo-

89 1671 247 1756 liabetur,
258 1693 297 1742 ut
313 1700 386 1743 eam
409 1694 487 1744 ante
497 1675 662 1744 hiemem
652 1677 883 1758 imminentem
895 1676 1127 1770 Pyanepsione

88 1801 201 1845 mense
233 1791 289 1850 aut
310 1781 601 1862 Maemacterione,
624 1782 653 1848 si
674 1797 801 1873 posset,
825 1780 1012 1848 conficeret
1058 1779 1127 1852 sed

88 1881 227 1950 consilio
249 1885 403 1976 protinus
426 1870 633 1979 exsequendo
660 1909 754 1954 mora
775 1882 865 1953 illata
887 1903 945 1954 est.
985 1885 1126 1954 Etenim

18 2039 19 2044 1
87 1983 357 2078 Elaphebolionis
388 1989 536 2058 demum
553 1990 653 2058 XXV
681 1989 899 2058 Athenienses
928 1988 1125 2073 decer,nunt

87 2107 133 2171 ut,
157 2115 264 2182 quum
285 2091 459 2186 Philippus
492 2094 591 2162 urbes
615 2093 806 2187 quasdam.
792 2118 865 2166 ,ram
887 2096 1022 2187 ceperit,
1045 2093 1124 2162 alias

88 2213 268 2286 oppugnet,
291 2213 324 2262 et
343 2199 480 2265 omnino
498 2199 535 2264 in
557 2198 702 2266 Atticam
723 2195 880 2268 invadere
895 2217 1000 2291 paret,
1023 2199 1124 2290 legati
1242 2197 1244 2202 ’

18 2341 20 2350 ‚
87 2320 161 2365 eum
183 2297 313 2381 adeant,
337 2303 397 2394 qui
419 2325 459 2368 ea
480 2300 522 2368 de
542 2325 580 2368 re
603 2327 682 2372 cum
703 2325 741 2370 eo
762 2300 1009 2394 colloquantur,
1031 2326 1141 2382 eum·

18 2451 19 2490 3
87 2425 151 2492 que
172 2421 302 2495 rogent,
324 2407 485 2490 manime,
516 2423 553 2473 ut
580 2405 795 2474 concordiam
817 2423 850 2472 et
870 2431 999 2498 pacem,
1022 2432 1154 2497 quam*
1261 2399 1264 2410 ’

86 2506 208 2574 violare
231 2507 396 2590 moliatur,
419 2534 497 2602 erga
517 2510 737 2578 Athenienses
767 2509 927 2591 observet,
949 2511 978 2577 si
999 2511 1122 2592 minus,

86 2627 122 2676 ut
143 2609 354 2680 deliberandi
376 2616 520 2706 spatium
542 2611 616 2697 det,
647 2612 862 2704 induciasque
884 2613 983 2681 saciat
1014 2637 1122 2706 usque

87 2714 128 2780 ad
153 2742 305 2788 mensem
326 2711 611 2809 Thargelionem..
646 2719 689 2786 V.
712 2715 883 2786 decretum
903 2715 956 2796 de
977 2717 1122 2794 induciis

87 2817 110 2882 l.
131 2821 168 2886 in
190 2847 239 2890 or.
263 2821 305 2889 de
333 2845 399 2890 cor.
421 2848 456 2914 p.
485 2827 558 2891 282.
593 2823 641 2890 Ex
662 2822 714 2890 his
737 2822 981 2890 evidentissime
1002 2819 1121 2915 liquet,

18 2969 20 2978 .
86 2921 274 3018 Philippum
298 2950 412 2992 mense
440 2925 578 2994 demum
601 2926 873 3020 ¹Elaphebolione
906 2926 997 3018 Pylis
1020 2925 1122 3006 traie-

17 3029 18 3034 ’
87 3027 143 3094 ctis
174 3030 350 3096 Graeciam
385 3053 454 3096 esse
494 3033 690 3123 ingressum.
750 3031 836 3116 Nam
862 3027 1121 3120 ingredientem

18 3179 19 3182 ,
86 3133 192 3200 statim
225 3133 446 3201 Athenienses
477 3135 633 3203 cohibere
655 3157 725 3202 esse
747 3150 881 3201 conatos
905 3136 1041 3204 omnino
1064 3158 1120 3206 ve·

17 3322 18 3332 ἵ
86 3235 223 3306 sisimile
254 3256 311 3305 est.
356 3237 464 3304 Urbes
481 3256 606 3321 autem,
637 3261 716 3331 quas
746 3235 789 3304 ad
816 3217 1119 3330 Elaphebolihnem
1206 3237 1215 3291 ·’

17 3341 18 3344 ’
85 3337 181 3408 XXV
209 3365 387 3436 occupasse
415 3343 595 3436 Philippus
628 3337 664 3408 in
701 3339 834 3412 decreto
871 3342 1012 3425 dicitur,
1047 3366 1118 3412 nott

86 3421 370 3536 Amphissensinm
391 3465 478 3529 sunt,
501 3447 560 3515 sed
582 3449 767 3518 Locrorum
788 3447 900 3538 potius
923 3447 1118 3539 Epicnemi-
1179 3527 1182 3532 ¹

86 3539 229 3633 diorum,
259 3575 404 3645 quorum
434 3569 521 3620 terra
543 3550 780 3644 Thermopylis
807 3552 960 3642 proxime
988 3549 1117 3618 adiace·
1214 3567 1217 3571 ’

55 3687 56 3690 =
85 3644 147 3715 bat
185 3656 291 3728 Nam
327 3657 523 3750 quominus,
560 3653 653 3750 qood
689 3656 871 3749 perhibent
913 3651 1181 3746 nonnulli),
1208 3655 1228 3690 ³
1307 3615 1308 3618 Ἴ

84 3857 388 3890 *ΝΜ

124 3980 427 4153 ¹)Ut34W82chemuth.
450 3991 564 4054 Hellen.
585 3921 709 4054 Alterth.
717 3989 857 4054 -Knnde
872 3984 942 4052 vot.
964 3989 988 4054 1.
1018 3991 1055 4054 Ρ
1083 4009 1112 4056 s

161 4095 194 4158 Ρ.
969 4119 972 4138 ι
