2694 4784
506 308 664 410 Q

76 471 269 561 scorpium
298 473 374 548 οὐδὲ
401 471 453 552 εἷς.
481 473 561 542 ἀλλὰ
589 477 676 542 ιιοῒοί
703 501 782 556 τινες
810 477 841 544 ολ
867 473 907 544 etl
939 483 1106 563 τηλικαῦτα
1176 515 1180 528 ·

74 580 118 642 καί
138 576 177 645 rit
197 579 313 644 τοιαῦτ’
335 578 529 664 ιλδιιιοῦντεςς
552 580 583 674 οἱ
603 580 788 665 νομίζοντες·
804 576 919 658 αὖτοὺς
940 581 1119 670 ἀξιόχρεως,

75 679 144 748 εἶναι
169 688 225 748 τοῦ
251 682 407 748 Φιλίππου
440 682 519 762 ξίνοι
548 685 599 752 καλ
631 686 716 772 φίλοι
744 682 1045 771 προςαγορεόεσθαι,
1076 688 1107 754 οἱ
1138 769 1140 776 Α

73 791 307 872 στρατηγιῶντες
327 787 378 852 καλ
400 788 593 874 προστασίας
613 785 804 871 ἀξιούμενοι,
837 785 868 853 οἱ
895 783 1018 870 μείζους
1044 796 1106 857 τῶν

71 895 186 957 πολλῶν
215 886 350 973 οἰόμενοι
372 892 437 957 δεῖν
457 888 545 958 εἶναι.
574 891 612 958 οὗ
632 892 791 980 Περίλαος
819 889 951 978 ἐκρίνετο
979 891 1106 979 ἔναγχος

71 995 99 1058 ἐν
117 991 280 1081 Μεγάροις
300 995 334 1060 ἐν
354 1004 421 1071 τοῖς
441 995 642 1082 τριακοσίοις,
671 995 720 1062 ότι
746 993 827 1084 πρός
852 998 1007 1062 Φίλιιτιτον
1028 997 1103 1085 ἀφί-
1197 1065 1206 1089 ι
1289 1029 1291 1037 2

69 1121 150 1180 κετο,
192 1097 243 1164 καλ
281 1097 450 1184 παρελθὼν
479 1097 684 1187 Πτοιόδωρος
714 1097 810 1165 αιίτδν
837 1098 1023 1188 ἐξῃτήσατο,
1053 1104 1103 1169 καὶ

69 1199 185 1290 νιλοότῳ
210 1201 260 1266 καί
282 1200 360 1285 γίνει
387 1205 438 1268 καί
461 1199 537 1292 δόξῃ
559 1209 683 1289 πρῶτος
705 1203 881 1290 Μεγαρέων
887 1253 897 1284 ,
933 1206 983 1270 καλ
1012 1205 1104 1270 πόλιν
1175 1205 1177 1210 ’

69 1299 105 1382 ὦς
127 1307 284 1374 Φίλιππον
305 1305 474 1390 ίξίντεμψε,
497 1309 547 1372 καλ
568 1307 648 1391 μετὰ
680 1314 780 1374 ταῦτα
802 1301 818 1372 ὅ
848 1307 906 1390 μέν
926 1297 998 1392 ἧκεν
1019 1307 1104 1395 όγὼν

68 1407 134 1486 τοὺς
154 1409 274 1490 ξένους,
304 1406 373 1476 ὅδ’
394 1409 483 1477 ἴνδον
515 1409 663 1499 ίτόρεοεν.
707 1409 858 1478 Perilaus
888 1427 927 1476 nt
949 1411 1104 1505 Megaro-

67 1533 135 1578 rnm
158 1512 318 1604 proditor
344 1511 479 1580 affertur
505 1514 627 1582 iterum
654 1517 691 1580 in
719 1537 767 1582 or.
797 1513 840 1581 de
868 1535 937 1580 cor.
966 1539 1002 1607 p.
1026 1514 1100 1601 σόα,

68 1632 95 1680 et
114 1639 182 1682 una
204 1641 282 1687 cum
298 1615 486 1686 Ptoeodoro
509 1634 609 1710 atque
625 1617 744 1686 Helixo
766 1643 800 1712 p.
825 1615 898 1704 δαί.
943 1618 1101 1686 Attamen

65 1721 271 1812 propositum
297 1743 367 1789 non
396 1739 559 1788 essecutus
586 1721 766 1815 Philippus
790 1739 854 1804 est,
888 1719 996 1788 donee
1025 1739 1102 1815 post

66 1822 187 1892 cladem
217 1825 486 1898 Chaeronensem
517 1824 604 1892 ultro
633 1827 846 1918 Megarenses
871 1826 1015 1917 imperio
1042 1851 1101 1916 pa-

64 1948 197 1998 ruerunt
220 1928 310 2016 (Ael.
325 1953 393 1996 var.
415 1929 491 1998 hist
506 1930 566 2012 VI,
593 1938 632 2016 1).
676 1919 764 1998 Nam
785 1931 821 1996 in
844 1952 892 1996 or.
914 1955 1099 2018 ιτ.ιιαραιιρ.

64 2056 93 2123 p-
113 2033 175 2120 448
200 2034 444 2102 Demosthenes
467 2037 514 2112 τίς
536 2038 562 2102 δ’
584 2035 732 2122 Εὔβοιαν,
757 2036 813 2114 ait,
836 2033 1004 2122 ἀλλοτρίαν
1028 2034 1099 2124 [πε-

15 2167 17 2180 ·
64 2138 193 2230 νιοίηιιε],·
219 2141 267 2215 τὶς
287 2139 426 2224 Μέγαρα
446 2138 556 2228 πρῴην
576 2139 699 2226 ὀλίγους
722 2141 802 2206 item
818 2136 967 2230 Philipp,
982 2137 1040 2207 IV.
1063 2162 1097 2228 p.

68 2243 135 2310 133:
157 2243 351 2310 sortesorte
361 2242 533 2330 Πορθμόν,
555 2281 597 2296 -
609 2244 748 2332 Μέγαρα
769 2241 849 2310 ἓόλω
871 2243 958 2331 παρὰ
977 2241 1098 2331 μικρόν.

64 2345 242 2440 inpeditus
253 2346 455 2440 igiturhaud
463 2345 565 2414 dubie
575 2347 1001 2438 estAtheniensinmopera,
1015 2369 1099 2439 quos
1127 2355 1131 2366 ⁴

66 2451 179 2520 eisdem
202 2452 410 2545 temporibus
429 2450 471 2517 ad
484 2451 653 2544 Drymum
667 2467 701 2519 et
710 2451 892 2517 Panactum
906 2473 983 2516 cum
996 2451 1097 2518 armis

67 2557 144 2624 erir'e
175 2572 308 2626 coactos
340 2577 410 2622 esse
435 2555 676 2624 Demosthenes
705 2554 808 2621 refert
839 2581 874 2621 ιτ,
899 2579 1039 2642 παραπρ.
1061 2579 1096 2645 ρ.

63 2656 126 2743 ilfi.
170 2659 267 2730 Sosii
290 2676 402 2730 tamen
422 2659 697 2740 Atheniensium,
721 2660 781 2752 qni
804 2655 964 2726 dicuntur
987 2683 1004 2722 a
1028 2659 1101 2724 De-'

61 2763 227 2834 mosthene
250 2762 293 2830 de
313 2787 381 2834 cor.
404 2788 438 2859 p.
450 2764 536 2846 ¹306,
580 2764 792 2857 Megarenses
819 2759 899 2831 sacti
920 2760 1013 2828 haud
1034 2761 1097 2830 du-

61 2865 108 2934 hie
133 2864 226 2938 sunt'
242 2891 305 2962 per
327 2891 402 2938 eam
423 2870 646 2951 occasionem,
679 2893 781 2962 quam
810 2866 899 2934 Plut.
927 2865 1031 2934 refert
1058 2869 1095 2932 in
1164 2893 1177 2933 s·

60 2968 266 3042 Phocione.
293 2975 340 3042 15.
385 2973 418 3040 Is
447 2970 550 3054 enim,
573 2995 680 3067 quum
700 2973 912 3065 Megarenses
941 2969 1096 3038 adversus

60 3080 247 3170 repentinos
275 3077 420 3147 hostium
450 3079 601 3172 impetus,
620 3075 877 3144 Atheniensium
904 3099 1004 3169 opem
1031 3075 1096 3142 im-

59 3179 240 3270 plorarent,
270 3181 478 3251 Phocionem
509 3197 623 3270 narrat
657 3196 766 3262 metu,
799 3205 844 3247 ne
865 3180 982 3248 Boeoti
1004 3175 1095 3247 eom·
1129 3211 1134 3221 ·

58 3303 147 3374 perta
165 3311 203 3360 re
224 3285 484 3356 Atheniensium
503 3286 738 3378 praevenirent
760 3283 891 3366 auxilia,
915 3300 1094 3352 convocata

60 3391 218 3485 extemplo
241 3391 404 3458 concione
428 3388 638 3483 decretisque
661 3389 819 3458 subsidiis
843 3390 1003 3457 continuo
1025 3411 1095 3454 sese

59 3516 130 3562 enm
158 3496 306 3564 exercitu
326 3494 463 3587 Megara
485 3494 684 3577 contulisse,
718 3494 905 3587 urbemque
927 3517 990 3584 per
1009 3491 1093 3557 duos

58 3619 165 3668 muros
189 3623 267 3668 oum
288 3600 373 3666 mari
395 3601 621 3682 coniunxisse,
645 3623 713 3692 quo
735 3599 841 3692 magis
864 3599 900 3664 in
920 3610 1095 3689 posterum

57 3699 136 3771 foret
157 3725 198 3772 ex
220 3699 480 3772 Atheniensibus
504 3721 589 3796 apta.
636 3702 736 3788 Quod
757 3702 881 3768 sactum
896 3697 1093 3766 Plutarchus

57 3825 126 3896 post
153 3806 221 3874 lata
247 3808 289 3874 ab
316 3805 577 3876 Atheniensibus
606 3808 771 3900 Byzantiis
805 3806 976 3873 Phocione
1008 3801 1093 3870 duee

59 3911 183 3993 auxilia,
209 3909 345 4006 Olymp.
360 3913 472 4012 (igitur
495 3912 569 3994 CX,
599 3937 625 3993 t,
648 3911 808 3994 collocat3
831 3908 981 4000 neglecta
1002 3905 1093 3974 hand

58 4009 153 4081 dubie
181 4033 372 4111 temporum
400 4019 539 4085 neone.
593 4017 666 4109 lpse
697 4017 787 4091 enim
818 4014 846 4080 l.'
865 4037 893 4079 e.
917 4037 944 4078 c.
973 4014 1012 4080 16
1036 4010 1093 4077 ab·

44 4136 141 4212 xsente
163 4120 334 4191 Phocione
351 4123 388 4188 in
406 4120 635 4214 Hellesponto,
658 4144 764 4222 quum
780 4119 910 4186 bellurn
926 4117 1006 4212 ipsis
1025 4116 1092 4182 iam

718 4228 785 4297 10*
