2706 4782
811 309 854 385 2'8

310 475 508 558 societatem·
524 485 751 569 inclinabant,
784 483 823 554 id
850 489 1010 570 estinter
1030 487 1168 583 Olymp.
1193 488 1241 572 C,
1275 489 1297 576 4
1319 511 1334 558 e

312 591 378 674 CI,
410 590 450 677 4,
471 593 591 658 victrix
621 592 830 683 Oropiorum
859 616 947 685 pars,
971 592 1117 685 expulsis
1147 591 1334 661 adversariis

308 695 569 790 Atheniensibus
593 696 712 762 urbem
736 693 912 762 tradidisse
940 696 1081 764 videtur.
1126 697 1252 766 Exules
1275 699 1334 766 vici·

308 824 387 866 nam
402 791 567 879 Eretriam
583 799 812 892 confugerunt,
835 799 928 866 unde
952 826 969 866 a
984 802 1197 870 Themisone
1211 821 1334 896 tyrann(

309 904 449 996 Olymp.
474 903 570 984 CIII,
601 906 620 972 3
643 905 678 969 in
702 905 845 996 patriam
867 905 1011 972 restituti
1034 911 1126 987 suut,
1156 908 1216 1000 qui
1240 933 1279 972 ea
1300 931 1334 974 oo

307 1009 440 1078 sasione
468 1009 717 1101 opportunitate
748 1007 880 1076 adiutus
911 1011 983 1102 ipse
1010 1011 1128 1076 urbem
1150 1010 1186 1076 in
1208 1029 1334 1103 potesta·

307 1127 376 1184 tem
395 1137 489 1179 suam
507 1112 646 1205 redegit.
692 1113 818 1180 Aberat
835 1115 925 1180 enim
942 1137 980 1181 eo
1001 1132 1150 1208 tempore
1165 1116 1334 1182 Athenien·

306 1219 395 1284 sium
422 1219 584 1284 exercitus
608 1218 645 1284 in
667 1216 898 1310 Peloponneso
922 1217 1064 1286 Charete
1092 1217 1176 1286 duce
1199 1219 1334 1287 Phliasiis

305 1319 460 1389 adversus
489 1319 634 1388 Arcades
672 1340 707 1390 et
733 1323 875 1414 Argivos
906 1323 1030 1390 auxilio
1065 1325 1193 1392 missus:
1247 1325 1334 1390 Athe·

304 1429 437 1494 irienses
454 1427 556 1519 igitur
578 1429 656 1495 cum
677 1451 728 1510 eo,
752 1428 811 1521 qui
824 1428 908 1494 urbe
921 1426 1044 1510 aderat,
1067 1429 1217 1496 exercitu
1229 1432 1333 1496 accito-

304 1557 371 1625 que
385 1531 559 1601 confestim
570 1549 614 1599 'ex
620 1531 864 1624 Peloponneso,
874 1533 1013 1600 Charete
1029 1531 1071 1600 ad
1079 1533 1334 1626 recuperandum

304 1637 462 1730 Oropum
484 1635 766 1730 adproperabant3
798 1661 903 1732 quum
932 1655 1043 1704 tamen
1072 1639 1166 1704 novis
1189 1640 1229 1704 iu
1249 1637 1334 1704 Pelo·

300 1764 452 1836 ponneso
468 1742 573 1810 turbis
589 1745 710 1812 exortis
725 1767 765 1810 ex
777 1743 959 1836 improviso
967 1739 1123 1808 recedere
1135 1759 1335 1835 cogerentur,

299 1847 391 1940 pacti
410 1871 487 1918 cum
501 1848 672 1915 Thebanis
688 1874 707 1913 a
721 1847 926 1914 Themisone
944 1847 1106 1913 arcessitis
1130 1871 1168 1912 ea
1189 1846 1334 1914 videntur

293 1973 370 2020 esse
394 1951 597 2032 conditione,
619 1967 657 2020 ut
676 1951 861 2018 retinerent
874 1951 1030 2043 Oropum
1050 1975 1108 2016 sua
1130 1952 1168 2017 in
1182 1967 1334 2043 potestate

259 2099 263 2103 -
298 2056 465 2136 Thebani,
489 2053 596 2123 donec
618 2055 660 2122 de
683 2057 758 2123 iure
778 2053 974 2149 possidendi
997 2079 1093 2122 causa
1115 2072 1227 2122 actum
1250 2071 1332 2122 esset.

212 2201 219 2218 x
299 2160 345 2228 At
373 2159 527 2226 Thebani
556 2151 673 2227 urbem
711 2159 813 2227 semel
846 2179 1016 2254 acceptam
1036 2157 1191 2227 ⁴reddere
1228 2177 1331 2252 postea

276 2257 513 2356 'nequaquam
534 2261 721 2364 uoluerunt,
743 2263 897 2332 sedeam
926 2268 977 2332 sui
1006 2265 1089 2330 iuris
1112 2289 1181 2332 esse
1205 2285 1334 2360 conten,

192 2359 195 2366 ¹
295 2369 433 2436 debant.
477 2369 631 2436 Eandem
652 2393 726 2436 rem
748 2372 853 2462 tangit
874 2370 992 2437 Aesch.
1013 2371 1051 2435 in
1075 2367 1161 2436 Ctes.
1185 2395 1219 2462 p.
1239 2371 1279 2438 65
1297 2369 1325 2446 t,

294 2493 476 2568 narratque
497 2473 632 2566 'Ulpian
657 2473 701 2540 ad
716 2475 814 2542 Deru.
839 2474 882 2540 dc
904 2498 971 2542 cor.
994 2472 1018 2541 l.
1042 2499 1070 2540 c.
1094 2475 1282 2567 Harpocrat
1297 2496 1322 2538 t.

281 2584 452 2672 Θεμίσων.
496 2581 625 2646 Iniuria
646 2581 729 2646 haec
750 2573 921 2646 Thebanis
944 2601 1014 2646 non
1044 2580 1117 2646 siue
1145 2577 1327 2670 proditione

294 2685 349 2749 ab.
365 2685 517 2775 ipsorum
547 2683 802 2750 Atheniensium
818 2687 821 2694 “
836 2701 932 2774 parte
963 2685 1156 2750 successisse
1195 2679 1333 2750 uidetur-,¹

294 2788 381 2854 Orta
419 2788 513 2852 enim
547 2786 628 2852 inde
660 2803 708 2852 est
739 2781 882 2857 celebris
911 2779 971 2854 illa
1009 2811 1104 2854 causa
1135 2785 1176 2853 de
1208 2787 1328 2878 Oropo,

292 2895 397 2983 qnam
410 2888 571 2958 Chabrias
581 2907 616 2970 ‚et
625 2887 839 2972 Callistratus,
862 2893 1044 2983 imperator
1056 2890 1329 2983 idemoratorquc

291 2993 444 3094 eiusdem
466 2995 625 3085 temporis
649 2983 896 3076 celeberrimus,
912 2995 1087 3080 dixerunt,
1116 3012 1292 3090 postquam
1310 3019 1324 3058 a

289 3098 491 3168 Philostrato
513 3111 648 3192 praeter
675 3098 756 3167 alios
785 3097 907 3166 multos
935 3101 1052 3192 capitis
1080 3103 1222 3167 accusati
1256 3113 1325 3168 sunt

287 3222 468 3298 propterea
489 3202 635 3286 sortasse,
659 3203 751 3298 quod
771 3203 1033 3270 Atheniensibus
1056 3223 1207 3272 auctores
1229 3222 1328 3283 erant,

289 3325 330 3376 ut
367 3307 524 3401 Oropum
552 3311 744 3376 necessitate
778 3325 943 3400 urguente
980 3307 1218 3377 Thebanorum
1251 3308 1328 3376 fidei

288 3414 551 3494 committerent,
589 3413 636 3478 ita
666 3435 745 3480 vero
773 3410 969 3480 'collusionis
1000 3411 1225 3492 clandestinae
1255 3437 1331 3481 cunr

197 3569 204 3578 ,
287 3516 458 3584 Thebanis
490 3515 779 3585 insimulabantur:
842 3517 985 3584 Causam
1018 3503 1107 3585 hanc
1141 3516 1183 3585 de
1214 3517 1327 3608 Oropo

245 3609 253 3634 ’
286 3621 475 3689 aChabria
495 3621 624 3689 dictam
645 3620 886 3687 Demosthenes
908 3641 1072 3688 memorat
1104 3623 1141 3688 in
1170 3647 1218 3690 or.
1242 3619 1326 3688 Mid.

284 3745 320 3817 p.
345 3730 424 3809 535,
457 3723 500 3791 ad
523 3749 623 3818 quern
646 3723 669 3790 l.
694 3723 805 3792 Schol.
834 3749 908 3796 rem
929 3727 1064 3792 uberius
1093 3725 1247 3819 explicat,
1269 3723 1330 3804 sed,

217 3894 221 3899 .
283 3829 397 3921 inepte
420 3827 528 3894 addit:
552 3826 568 3893 ὅ
591 3829 740 3916 Χαβρίας
761 3827 863 3896 ἔπειθε
884 3831 1210 3916 Θηβαίοιςβοηθῆσαι
1229 3831 1322 3912 Ἀθη-

283 3936 404 4014 ναίους,
422 3934 495 3998 *dte
530 3932 733 4013 tenebrant,
776 3931 844 3999 εἶτα
874 3935 1028 4011 σωθέντες
1057 3934 1243 4001 ἀπέσπασαν
1274 3931 1326 3998 τὸν

278 4036 440 4121 Ὠρωπόν.
486 4037 539 4101 De
568 4032 771 4118 Callistrato,
806 4039 865 4128 qui
900 4055 972 4104 tum
1002 4039 1120 4130 capitis
1153 4036 1325 4103 damnatus

282 4143 318 4216 itt
341 4137 477 4210 exilium
500 4141 589 4225 abiit,
611 4159 725 4232 postea
745 4165 892 4208 reversus
916 4139 957 4206 ad
976 4135 1189 4234 'supplicium
1211 4158 1326 4234 raptus

802 4381 822 4414 4
