<?xml version="1.0" encoding="UTF-8"?>
<!DOCTYPE html PUBLIC "-//W3C//DTD XHTML 1.0 Transitional//EN"
    "http://www.w3.org/TR/xhtml1/DTD/xhtml1-transitional.dtd">
<html xmlns="http://www.w3.org/1999/xhtml" xml:lang="en" lang="en">
 <head>
  <title>
</title>
<meta http-equiv="Content-Type" content="text/html;charset=utf-8" />
  <meta name='ocr-system' content='tesseract 3.04.00' />
  <meta name='ocr-capabilities' content='ocr_page ocr_carea ocr_par ocr_line ocrx_word'/>
</head>
<body>
  <div class='ocr_page' id='page_1' title='image "./francisciwiniew00winigoog_0242.png"; bbox 0 0 2750 4772; ppageno 0'>
   <div class='ocr_carea' id='block_1_1' title="bbox 63 305 1189 1812">
    <p class='ocr_par' dir='ltr' id='par_1_1' title="bbox 63 305 1189 1812">
     <span class='ocr_line' id='line_1_1' title="bbox 502 305 660 410; baseline 0 0"><span class='ocrx_word' id='word_1_1' title='bbox 502 305 660 410; x_wconf 54' lang='lat' dir='ltr'>A.</span> 
     </span>
     <span class='ocr_line' id='line_1_2' title="bbox 71 437 1101 568; baseline 0.009 -30"><span class='ocrx_word' id='word_1_2' title='bbox 71 471 112 538; x_wconf 88' lang='lat' dir='ltr'>Et</span> <span class='ocrx_word' id='word_1_3' title='bbox 134 465 289 538; x_wconf 85' lang='lat' dir='ltr'>bellum</span> <span class='ocrx_word' id='word_1_4' title='bbox 277 485 403 540; x_wconf 86' lang='lat' dir='ltr'>rustum</span> <span class='ocrx_word' id='word_1_5' title='bbox 424 471 513 540; x_wconf 86' lang='lat' dir='ltr'>inter</span> <span class='ocrx_word' id='word_1_6' title='bbox 538 437 729 568; x_wconf 80' lang='lat' dir='ltr'><strong>Byzantii</strong></span> <span class='ocrx_word' id='word_1_7' title='bbox 719 472 928 544; x_wconf 86' lang='lat' dir='ltr'>ohsidionem</span> <span class='ocrx_word' id='word_1_8' title='bbox 954 489 1101 546; x_wconf 81' lang='lat' dir='ltr'>exortunr</span> 
     </span>
     <span class='ocr_line' id='line_1_3' title="bbox 70 563 1176 670; baseline 0.011 -31"><span class='ocrx_word' id='word_1_9' title='bbox 70 575 212 668; x_wconf 88' lang='lat' dir='ltr'>agnoscit</span> <span class='ocrx_word' id='word_1_10' title='bbox 232 563 531 670; x_wconf 88' lang='lat' dir='ltr'>Demosthenesp.</span> <span class='ocrx_word' id='word_1_11' title='bbox 555 581 635 659; x_wconf 77' lang='lat'><strong>255,</strong></span> <span class='ocrx_word' id='word_1_12' title='bbox 659 595 693 646; x_wconf 90' lang='lat' dir='ltr'>et</span> <span class='ocrx_word' id='word_1_13' title='bbox 713 596 842 670; x_wconf 82' lang='lat' dir='ltr'>gestum</span> <span class='ocrx_word' id='word_1_14' title='bbox 864 603 933 646; x_wconf 88' lang='lat' dir='ltr'>csse</span> <span class='ocrx_word' id='word_1_15' title='bbox 954 603 1025 648; x_wconf 90' lang='lat' dir='ltr'>non</span> <span class='ocrx_word' id='word_1_16' title='bbox 1047 607 1101 652; x_wconf 87' lang='lat' dir='ltr'>so·</span> <span class='ocrx_word' id='word_1_17' title='bbox 1174 651 1176 660; x_wconf 84' lang='grc'>,</span> 
     </span>
     <span class='ocr_line' id='line_1_4' title="bbox 69 627 1189 770; baseline 0.008 -26"><span class='ocrx_word' id='word_1_18' title='bbox 69 679 168 746; x_wconf 87' lang='lat' dir='ltr'>lum</span> <span class='ocrx_word' id='word_1_19' title='bbox 157 697 245 746; x_wconf 84' lang='lat' dir='ltr'>mter</span> <span class='ocrx_word' id='word_1_20' title='bbox 264 679 417 770; x_wconf 83' lang='lat' dir='ltr'><strong>Byzantii</strong></span> <span class='ocrx_word' id='word_1_21' title='bbox 439 627 664 762; x_wconf 71' lang='lat' dir='ltr'>obsidionaris,</span> <span class='ocrx_word' id='word_1_22' title='bbox 697 681 757 748; x_wconf 85' lang='lat' dir='ltr'>sed</span> <span class='ocrx_word' id='word_1_23' title='bbox 785 684 884 750; x_wconf 90' lang='lat' dir='ltr'>etiam</span> <span class='ocrx_word' id='word_1_24' title='bbox 913 681 956 750; x_wconf 90' lang='lat' dir='ltr'>ad</span> <span class='ocrx_word' id='word_1_25' title='bbox 981 708 1019 751; x_wconf 87' lang='lat' dir='ltr'>ea</span> <span class='ocrx_word' id='word_1_26' title='bbox 1046 711 1100 752; x_wconf 87' lang='lat' dir='ltr'>us-</span> <span class='ocrx_word' id='word_1_27' title='bbox 1187 689 1189 694; x_wconf 78' lang='grc'><strong>’</strong></span> 
     </span>
     <span class='ocr_line' id='line_1_5' title="bbox 70 783 1101 888; baseline 0.006 -38"><span class='ocrx_word' id='word_1_28' title='bbox 70 807 131 888; x_wconf 84' lang='lat' dir='ltr'>que</span> <span class='ocrx_word' id='word_1_29' title='bbox 152 801 312 876; x_wconf 88' lang='lat' dir='ltr'>tempora,</span> <span class='ocrx_word' id='word_1_30' title='bbox 336 783 454 876; x_wconf 86' lang='lat' dir='ltr'>quibus</span> <span class='ocrx_word' id='word_1_31' title='bbox 476 806 601 851; x_wconf 86' lang='lat' dir='ltr'>novum</span> <span class='ocrx_word' id='word_1_32' title='bbox 622 786 660 850; x_wconf 94' lang='lat' dir='ltr'>in</span> <span class='ocrx_word' id='word_1_33' title='bbox 673 785 812 852; x_wconf 81' lang='lat' dir='ltr'>Graecia</span> <span class='ocrx_word' id='word_1_34' title='bbox 829 784 958 853; x_wconf 89' lang='lat' dir='ltr'>bellum</span> <span class='ocrx_word' id='word_1_35' title='bbox 969 811 1101 856; x_wconf 89' lang='lat' dir='ltr'>sacrum</span> 
     </span>
     <span class='ocr_line' id='line_1_6' title="bbox 70 884 1100 982; baseline 0.008 -32"><span class='ocrx_word' id='word_1_36' title='bbox 70 887 216 954; x_wconf 80' lang='lat' dir='ltr'>exarserit</span> <span class='ocrx_word' id='word_1_37' title='bbox 236 887 310 976; x_wconf 90' lang='lat' dir='ltr'>ipso</span> <span class='ocrx_word' id='word_1_38' title='bbox 328 884 486 981; x_wconf 90' lang='lat' dir='ltr'>Philippo</span> <span class='ocrx_word' id='word_1_39' title='bbox 509 905 642 956; x_wconf 85' lang='lat' dir='ltr'>auctore</span> <span class='ocrx_word' id='word_1_40' title='bbox 665 889 886 956; x_wconf 86' lang='lat' dir='ltr'>disertissimis</span> <span class='ocrx_word' id='word_1_41' title='bbox 899 892 1006 958; x_wconf 85' lang='lat' dir='ltr'>verbis</span> <span class='ocrx_word' id='word_1_42' title='bbox 1020 915 1100 982; x_wconf 89' lang='lat' dir='ltr'>pro-</span> 
     </span>
     <span class='ocr_line' id='line_1_7' title="bbox 68 984 1099 1098; baseline 0.007 -44"><span class='ocrx_word' id='word_1_43' title='bbox 68 991 200 1057; x_wconf 86' lang='lat' dir='ltr'>nunciet</span> <span class='ocrx_word' id='word_1_44' title='bbox 220 987 290 1059; x_wconf 91' lang='lat' dir='ltr'>his.</span> <span class='ocrx_word' id='word_1_45' title='bbox 313 988 369 1057; x_wconf 77' lang='grc' dir='ltr'>οὖν</span> <span class='ocrx_word' id='word_1_46' title='bbox 370 984 429 1084; x_wconf 79' lang='grc' dir='ltr'>ἦν</span> <span class='ocrx_word' id='word_1_47' title='bbox 449 997 506 1058; x_wconf 81' lang='grc' dir='ltr'>τοῦ</span> <span class='ocrx_word' id='word_1_48' title='bbox 535 991 616 1080; x_wconf 84' lang='grc' dir='ltr'><strong><em>πρὸς</em></strong></span> <span class='ocrx_word' id='word_1_49' title='bbox 642 989 725 1076; x_wconf 73' lang='grc' dir='ltr'>ὑμᾶς</span> <span class='ocrx_word' id='word_1_50' title='bbox 749 995 886 1079; x_wconf 81' lang='grc' dir='ltr'><strong><em>πολέμου</em></strong></span> <span class='ocrx_word' id='word_1_51' title='bbox 914 995 1010 1098; x_wconf 86' lang='grc' dir='ltr'><strong><em>πέρας</em></strong></span> <span class='ocrx_word' id='word_1_52' title='bbox 1033 995 1099 1070; x_wconf 80' lang='lat'><strong>055¹</strong></span> 
     </span>
     <span class='ocr_line' id='line_1_8' title="bbox 68 1081 1099 1186; baseline 0.006 -28"><span class='ocrx_word' id='word_1_53' title='bbox 68 1089 224 1182; x_wconf 72' lang='grc' dir='ltr'><strong><em>ἀπαλλαγὴ</em></strong></span> <span class='ocrx_word' id='word_1_54' title='bbox 251 1095 327 1160; x_wconf 58' lang='lat' dir='ltr'>ortt</span> <span class='ocrx_word' id='word_1_55' title='bbox 325 1120 406 1186; x_wconf 80' lang='grc' dir='ltr'><strong><em>ππρν,</em></strong></span> <span class='ocrx_word' id='word_1_56' title='bbox 431 1087 508 1162; x_wconf 73' lang='grc' dir='ltr'>εἰ</span> <span class='ocrx_word' id='word_1_57' title='bbox 468 1123 512 1180; x_wconf 85' lang='grc' dir='ltr'>μη</span> <span class='ocrx_word' id='word_1_58' title='bbox 532 1097 692 1182; x_wconf 73' lang='grc' dir='ltr'><strong><em>Θηβαίους</em></strong></span> <span class='ocrx_word' id='word_1_59' title='bbox 707 1098 757 1162; x_wconf 80' lang='grc' dir='ltr'>καλ</span> <span class='ocrx_word' id='word_1_60' title='bbox 772 1081 949 1174; x_wconf 70' lang='grc' dir='ltr'><strong><em>Θετταλοτλς</em></strong></span> <span class='ocrx_word' id='word_1_61' title='bbox 965 1098 1099 1186; x_wconf 72' lang='grc' dir='ltr'><strong><em>ἐχθροὺς</em></strong></span> 
     </span>
     <span class='ocr_line' id='line_1_9' title="bbox 66 1195 1100 1288; baseline 0.004 -24"><span class='ocrx_word' id='word_1_62' title='bbox 66 1195 195 1284; x_wconf 80' lang='grc' dir='ltr'><strong><em>ποιήσειε</em></strong></span> <span class='ocrx_word' id='word_1_63' title='bbox 227 1204 268 1287; x_wconf 83' lang='grc' dir='ltr'>τῇ</span> <span class='ocrx_word' id='word_1_64' title='bbox 299 1196 396 1266; x_wconf 83' lang='grc' dir='ltr'><strong><em>πόλει.</em></strong></span> <span class='ocrx_word' id='word_1_65' title='bbox 424 1198 503 1265; x_wconf 76' lang='grc' dir='ltr'><strong><em>ἀλλὰ</em></strong></span> <span class='ocrx_word' id='word_1_66' title='bbox 530 1203 638 1288; x_wconf 80' lang='grc' dir='ltr'><strong><em>καίπερ</em></strong></span> <span class='ocrx_word' id='word_1_67' title='bbox 673 1197 794 1277; x_wconf 72' lang='grc' dir='ltr'><strong><em>ἀθλίως</em></strong></span> <span class='ocrx_word' id='word_1_68' title='bbox 821 1203 872 1268; x_wconf 80' lang='grc' dir='ltr'>καὶ</span> <span class='ocrx_word' id='word_1_69' title='bbox 901 1208 1003 1279; x_wconf 83' lang='grc' dir='ltr'><strong><em>κακῶς</em></strong></span> <span class='ocrx_word' id='word_1_70' title='bbox 1035 1209 1100 1268; x_wconf 82' lang='grc' dir='ltr'>τῶν</span> 
     </span>
     <span class='ocr_line' id='line_1_10' title="bbox 67 1298 1100 1393; baseline 0.004 -26"><span class='ocrx_word' id='word_1_71' title='bbox 67 1309 245 1389; x_wconf 78' lang='grc' dir='ltr'><strong><em>στρατηγῶν</em></strong></span> <span class='ocrx_word' id='word_1_72' title='bbox 275 1307 339 1368; x_wconf 85' lang='grc' dir='ltr'>τῶν</span> <span class='ocrx_word' id='word_1_73' title='bbox 369 1298 527 1391; x_wconf 72' lang='grc' dir='ltr'><strong><em>ὑμετέρων</em></strong></span> <span class='ocrx_word' id='word_1_74' title='bbox 557 1302 774 1387; x_wconf 82' lang='grc' dir='ltr'><strong><em>πολεμοῦντων</em></strong></span> <span class='ocrx_word' id='word_1_75' title='bbox 803 1303 906 1393; x_wconf 73' lang='grc' dir='ltr'><strong><em>αὐτῷ,</em></strong></span> <span class='ocrx_word' id='word_1_76' title='bbox 934 1303 1020 1390; x_wconf 76' lang='grc' dir='ltr'><strong>ὅμως</strong></span> <span class='ocrx_word' id='word_1_77' title='bbox 1048 1301 1100 1371; x_wconf 71' lang='grc' dir='ltr'>ὑπ’</span> 
     </span>
     <span class='ocr_line' id='line_1_11' title="bbox 65 1404 1098 1497; baseline 0.003 -27"><span class='ocrx_word' id='word_1_78' title='bbox 65 1404 157 1472; x_wconf 71' lang='grc' dir='ltr'><strong><em>αὐτοῦ</em></strong></span> <span class='ocrx_word' id='word_1_79' title='bbox 178 1411 235 1472; x_wconf 84' lang='grc' dir='ltr'><strong><em>τοῦ</em></strong></span> <span class='ocrx_word' id='word_1_80' title='bbox 269 1405 406 1488; x_wconf 79' lang='grc' dir='ltr'><strong><em>πολέμου</em></strong></span> <span class='ocrx_word' id='word_1_81' title='bbox 433 1409 485 1473; x_wconf 73' lang='grc' dir='ltr'>καὶ</span> <span class='ocrx_word' id='word_1_82' title='bbox 514 1412 577 1474; x_wconf 82' lang='grc' dir='ltr'>τῶν</span> <span class='ocrx_word' id='word_1_83' title='bbox 603 1414 725 1497; x_wconf 79' lang='grc' dir='ltr'><strong><em>λῃστῶν</em></strong></span> <span class='ocrx_word' id='word_1_84' title='bbox 750 1407 895 1496; x_wconf 72' lang='grc' dir='ltr'><strong><em>μορέα”</em></strong></span> <span class='ocrx_word' id='word_1_85' title='bbox 876 1432 988 1492; x_wconf 88' lang='grc' dir='ltr'><strong><em>επασχε</em></strong></span> <span class='ocrx_word' id='word_1_86' title='bbox 1010 1408 1098 1476; x_wconf 82' lang='grc' dir='ltr'><strong><em>κακά.</em></strong></span> 
     </span>
     <span class='ocr_line' id='line_1_12' title="bbox 66 1501 1099 1600; baseline 0.003 -25"><span class='ocrx_word' id='word_1_87' title='bbox 66 1547 103 1558; x_wconf 89' lang='grc'><strong>-</strong></span> <span class='ocrx_word' id='word_1_88' title='bbox 125 1501 212 1594; x_wconf 76' lang='grc' dir='ltr'>ἦνδ’</span> <span class='ocrx_word' id='word_1_89' title='bbox 246 1507 311 1575; x_wconf 74' lang='grc' dir='ltr'><strong><em>οὔτ’</em></strong></span> <span class='ocrx_word' id='word_1_90' title='bbox 341 1511 374 1576; x_wconf 75' lang='grc' dir='ltr'>ἐν</span> <span class='ocrx_word' id='word_1_91' title='bbox 394 1515 434 1598; x_wconf 80' lang='grc' dir='ltr'>τῇ</span> <span class='ocrx_word' id='word_1_92' title='bbox 455 1508 600 1600; x_wconf 69' lang='grc' dir='ltr'><strong><em>θαλάττῃ</em></strong></span> <span class='ocrx_word' id='word_1_93' title='bbox 632 1513 779 1598; x_wconf 77' lang='grc' dir='ltr'><strong><em>κρείττων</em></strong></span> <span class='ocrx_word' id='word_1_94' title='bbox 808 1509 879 1578; x_wconf 83' lang='grc' dir='ltr'><strong><em>τότε</em></strong></span> <span class='ocrx_word' id='word_1_95' title='bbox 899 1508 1003 1596; x_wconf 70' lang='grc' dir='ltr'><strong><em>ὑμῶν,</em></strong></span> <span class='ocrx_word' id='word_1_96' title='bbox 1035 1511 1099 1579; x_wconf 70' lang='grc' dir='ltr'><strong><em>οὔτ’</em></strong></span> 
     </span>
     <span class='ocr_line' id='line_1_13' title="bbox 63 1610 1098 1708; baseline 0.004 -30"><span class='ocrx_word' id='word_1_97' title='bbox 63 1611 158 1690; x_wconf 81' lang='grc' dir='ltr'>ελς</span> <span class='ocrx_word' id='word_1_98' title='bbox 124 1639 182 1699; x_wconf 80' lang='grc' dir='ltr'>την</span> <span class='ocrx_word' id='word_1_99' title='bbox 198 1611 341 1698; x_wconf 77' lang='grc' dir='ltr'><strong><em>Ἀττικὴν</em></strong></span> <span class='ocrx_word' id='word_1_100' title='bbox 362 1614 465 1683; x_wconf 65' lang='lat' dir='ltr'>eterra</span> <span class='ocrx_word' id='word_1_101' title='bbox 497 1611 702 1689; x_wconf 79' lang='lat' dir='ltr'><strong>55vococ...</strong></span> <span class='ocrx_word' id='word_1_102' title='bbox 726 1610 824 1695; x_wconf 89' lang='lat' dir='ltr'>.(de</span> <span class='ocrx_word' id='word_1_103' title='bbox 853 1637 920 1680; x_wconf 86' lang='lat' dir='ltr'>cor</span> <span class='ocrx_word' id='word_1_104' title='bbox 950 1640 984 1708; x_wconf 92' lang='lat' dir='ltr'>p.</span> <span class='ocrx_word' id='word_1_105' title='bbox 1008 1617 1098 1705; x_wconf 75' lang='lat'><strong>276),</strong></span> 
     </span>
     <span class='ocr_line' id='line_1_14' title="bbox 64 1713 1099 1812; baseline 0.002 -30"><span class='ocrx_word' id='word_1_106' title='bbox 64 1741 146 1808; x_wconf 84' lang='lat' dir='ltr'>quae</span> <span class='ocrx_word' id='word_1_107' title='bbox 169 1717 281 1784; x_wconf 90' lang='lat' dir='ltr'>omnia</span> <span class='ocrx_word' id='word_1_108' title='bbox 304 1713 346 1780; x_wconf 89' lang='lat' dir='ltr'>ad</span> <span class='ocrx_word' id='word_1_109' title='bbox 367 1713 494 1782; x_wconf 91' lang='lat' dir='ltr'>bellum</span> <span class='ocrx_word' id='word_1_110' title='bbox 523 1715 697 1808; x_wconf 81' lang='lat' dir='ltr'>pertinent</span> <span class='ocrx_word' id='word_1_111' title='bbox 719 1715 856 1808; x_wconf 83' lang='lat' dir='ltr'>Olymp.</span> <span class='ocrx_word' id='word_1_112' title='bbox 882 1717 963 1811; x_wconf 57' lang='lat' dir='ltr'>CXp</span> <span class='ocrx_word' id='word_1_113' title='bbox 998 1743 1007 1783; x_wconf 89' lang='lat'>1</span> <span class='ocrx_word' id='word_1_114' title='bbox 1042 1743 1099 1812; x_wconf 82' lang='lat' dir='ltr'>ge-</span> 
     </span>
    </p>
   </div>
   <div class='ocr_carea' id='block_1_2' title="bbox 65 1817 1244 1929">
    <p class='ocr_par' dir='ltr' id='par_1_2' title="bbox 65 1817 1244 1929">
     <span class='ocr_line' id='line_1_15' title="bbox 65 1817 1244 1929; baseline 0.003 -44"><span class='ocrx_word' id='word_1_115' title='bbox 65 1837 165 1901; x_wconf 91' lang='lat' dir='ltr'>stum,</span> <span class='ocrx_word' id='word_1_116' title='bbox 197 1836 376 1910; x_wconf 87' lang='lat' dir='ltr'>antequam</span> <span class='ocrx_word' id='word_1_117' title='bbox 407 1817 564 1886; x_wconf 89' lang='lat' dir='ltr'>tumultus</span> <span class='ocrx_word' id='word_1_118' title='bbox 594 1820 839 1913; x_wconf 87' lang='lat' dir='ltr'>Amphissensis</span> <span class='ocrx_word' id='word_1_119' title='bbox 873 1819 1033 1914; x_wconf 89' lang='lat' dir='ltr'>Philippo</span> <span class='ocrx_word' id='word_1_120' title='bbox 1060 1823 1098 1888; x_wconf 92' lang='lat' dir='ltr'>in</span> <span class='ocrx_word' id='word_1_121' title='bbox 1166 1901 1169 1906; x_wconf 19' lang='grc' dir='ltr'>Ι</span> <span class='ocrx_word' id='word_1_122' title='bbox 1240 1919 1244 1929; x_wconf 84' lang='lat'>.</span> 
     </span>
    </p>
   </div>
   <div class='ocr_carea' id='block_1_3' title="bbox 57 1921 1170 3890">
    <p class='ocr_par' dir='ltr' id='par_1_3' title="bbox 58 1921 1170 3472">
     <span class='ocr_line' id='line_1_16' title="bbox 64 1921 1099 2018; baseline 0.004 -28"><span class='ocrx_word' id='word_1_123' title='bbox 64 1923 240 1992; x_wconf 81' lang='lat' dir='ltr'>Graeciam</span> <span class='ocrx_word' id='word_1_124' title='bbox 263 1921 444 1996; x_wconf 82' lang='lat' dir='ltr'>invadendi</span> <span class='ocrx_word' id='word_1_125' title='bbox 464 1940 662 2016; x_wconf 88' lang='lat' dir='ltr'>potestatem</span> <span class='ocrx_word' id='word_1_126' title='bbox 684 1924 815 2006; x_wconf 80' lang='lat' dir='ltr'>fecerit,</span> <span class='ocrx_word' id='word_1_127' title='bbox 849 1921 885 1989; x_wconf 89' lang='lat' dir='ltr'>id</span> <span class='ocrx_word' id='word_1_128' title='bbox 914 1923 1006 2018; x_wconf 89' lang='lat' dir='ltr'>quod</span> <span class='ocrx_word' id='word_1_129' title='bbox 1038 1926 1099 1994; x_wconf 89' lang='lat' dir='ltr'>do-</span> 
     </span>
     <span class='ocr_line' id='line_1_17' title="bbox 63 2026 1098 2121; baseline 0.002 -27"><span class='ocrx_word' id='word_1_130' title='bbox 63 2046 138 2096; x_wconf 86' lang='lat' dir='ltr'>cent</span> <span class='ocrx_word' id='word_1_131' title='bbox 158 2029 332 2121; x_wconf 88' lang='lat' dir='ltr'>sequentia</span> <span class='ocrx_word' id='word_1_132' title='bbox 354 2026 586 2094; x_wconf 87' lang='lat' dir='ltr'>Demosthenis</span> <span class='ocrx_word' id='word_1_133' title='bbox 609 2027 717 2093; x_wconf 82' lang='lat' dir='ltr'>rerba.</span> <span class='ocrx_word' id='word_1_134' title='bbox 762 2029 875 2119; x_wconf 87' lang='lat' dir='ltr'>Atque</span> <span class='ocrx_word' id='word_1_135' title='bbox 889 2031 1000 2094; x_wconf 87' lang='lat' dir='ltr'>omnia</span> <span class='ocrx_word' id='word_1_136' title='bbox 1015 2029 1098 2097; x_wconf 89' lang='lat' dir='ltr'>haec</span> 
     </span>
     <span class='ocr_line' id='line_1_18' title="bbox 62 2129 1099 2227; baseline 0.002 -27"><span class='ocrx_word' id='word_1_137' title='bbox 62 2135 200 2224; x_wconf 81' lang='lat' dir='ltr'>egregie.</span> <span class='ocrx_word' id='word_1_138' title='bbox 214 2129 389 2198; x_wconf 85' lang='lat' dir='ltr'>confirmat</span> <span class='ocrx_word' id='word_1_139' title='bbox 410 2129 726 2212; x_wconf 76' lang='lat' dir='ltr'>etiam&#39;Plutarehus,</span> <span class='ocrx_word' id='word_1_140' title='bbox 749 2131 927 2198; x_wconf 88' lang='lat' dir='ltr'>Phocionis</span> <span class='ocrx_word' id='word_1_141' title='bbox 948 2157 1001 2199; x_wconf 89' lang='lat' dir='ltr'>res</span> <span class='ocrx_word' id='word_1_142' title='bbox 1022 2151 1099 2227; x_wconf 90' lang='lat' dir='ltr'>post</span> 
     </span>
     <span class='ocr_line' id='line_1_19' title="bbox 61 2233 1110 2329; baseline 0.002 -26"><span class='ocrx_word' id='word_1_143' title='bbox 61 2236 217 2306; x_wconf 86' lang='lat' dir='ltr'>liberatos</span> <span class='ocrx_word' id='word_1_144' title='bbox 243 2236 420 2326; x_wconf 81' lang='lat' dir='ltr'>Byzantios</span> <span class='ocrx_word' id='word_1_145' title='bbox 448 2253 551 2329; x_wconf 81' lang='lat' dir='ltr'>gestas</span> <span class='ocrx_word' id='word_1_146' title='bbox 580 2233 632 2300; x_wconf 89' lang='lat' dir='ltr'>his</span> <span class='ocrx_word' id='word_1_147' title='bbox 661 2236 768 2302; x_wconf 80' lang='lat' dir='ltr'>verbis</span> <span class='ocrx_word' id='word_1_148' title='bbox 797 2233 984 2303; x_wconf 88' lang='lat' dir='ltr'>celebrans:</span> <span class='ocrx_word' id='word_1_149' title='bbox 1016 2237 1110 2314; x_wconf 70' lang='grc' dir='ltr'>οὕτωΙ</span> 
     </span>
     <span class='ocr_line' id='line_1_20' title="bbox 60 2335 1111 2428; baseline 0 -20"><span class='ocrx_word' id='word_1_150' title='bbox 60 2343 114 2426; x_wconf 73' lang='grc' dir='ltr'>μὲν</span> <span class='ocrx_word' id='word_1_151' title='bbox 135 2339 152 2408; x_wconf 87' lang='lat'>5</span> <span class='ocrx_word' id='word_1_152' title='bbox 179 2341 336 2416; x_wconf 72' lang='grc' dir='ltr'><strong><em>Φίλιππος</em></strong></span> <span class='ocrx_word' id='word_1_153' title='bbox 356 2338 476 2416; x_wconf 69' lang='grc' dir='ltr'><strong><em>ἐξέπεσε</em></strong></span> <span class='ocrx_word' id='word_1_154' title='bbox 497 2345 554 2406; x_wconf 83' lang='grc' dir='ltr'>τοῦ</span> <span class='ocrx_word' id='word_1_155' title='bbox 577 2335 803 2424; x_wconf 82' lang='grc' dir='ltr'><strong><em>Ἕλληςπόντον</em></strong></span> <span class='ocrx_word' id='word_1_156' title='bbox 828 2336 899 2406; x_wconf 86' lang='grc' dir='ltr'><strong><em>τότε</em></strong></span> <span class='ocrx_word' id='word_1_157' title='bbox 926 2344 976 2407; x_wconf 77' lang='grc' dir='ltr'>καὶ</span> <span class='ocrx_word' id='word_1_158' title='bbox 1006 2369 1111 2428; x_wconf 39' lang='grc' dir='ltr'><strong><em>κατε(</em></strong></span> 
     </span>
     <span class='ocr_line' id='line_1_21' title="bbox 60 2439 1096 2534; baseline -0.003 -22"><span class='ocrx_word' id='word_1_159' title='bbox 60 2443 275 2534; x_wconf 50' lang='grc' dir='ltr'>φρονῆθημ-</span> <span class='ocrx_word' id='word_1_160' title='bbox 297 2440 314 2508; x_wconf 86' lang='lat'>5</span> <span class='ocrx_word' id='word_1_161' title='bbox 338 2443 371 2508; x_wconf 80' lang='grc' dir='ltr'>δέ</span> <span class='ocrx_word' id='word_1_162' title='bbox 390 2445 521 2508; x_wconf 80' lang='grc' dir='ltr'><strong><em>Φωκέων</em></strong></span> <span class='ocrx_word' id='word_1_163' title='bbox 541 2446 591 2508; x_wconf 80' lang='grc' dir='ltr'>καὶ</span> <span class='ocrx_word' id='word_1_164' title='bbox 614 2449 689 2518; x_wconf 80' lang='grc' dir='ltr'><strong><em>ναῦς</em></strong></span> <span class='ocrx_word' id='word_1_165' title='bbox 709 2468 795 2518; x_wconf 82' lang='grc' dir='ltr'><strong><em>τινας</em></strong></span> <span class='ocrx_word' id='word_1_166' title='bbox 817 2439 894 2508; x_wconf 76' lang='grc' dir='ltr'><strong><em>εἶλεν</em></strong></span> <span class='ocrx_word' id='word_1_167' title='bbox 915 2444 1021 2526; x_wconf 75' lang='grc' dir='ltr'><strong><em>αὐτοῦ,</em></strong></span> <span class='ocrx_word' id='word_1_168' title='bbox 1045 2448 1096 2510; x_wconf 75' lang='grc' dir='ltr'>καὶ</span> 
     </span>
     <span class='ocr_line' id='line_1_22' title="bbox 60 2543 1170 2638; baseline -0.004 -21"><span class='ocrx_word' id='word_1_169' title='bbox 60 2549 297 2638; x_wconf 71' lang='grc' dir='ltr'>φρουρουμένας</span> <span class='ocrx_word' id='word_1_170' title='bbox 321 2545 426 2623; x_wconf 86' lang='grc' dir='ltr'><strong><em>πόλεις</em></strong></span> <span class='ocrx_word' id='word_1_171' title='bbox 452 2545 582 2630; x_wconf 79' lang='grc' dir='ltr'><strong><em>ἀνέλαβε</em></strong></span> <span class='ocrx_word' id='word_1_172' title='bbox 588 2597 598 2628; x_wconf 84' lang='grc'>,</span> <span class='ocrx_word' id='word_1_173' title='bbox 630 2548 680 2610; x_wconf 78' lang='grc' dir='ltr'>καὶ</span> <span class='ocrx_word' id='word_1_174' title='bbox 701 2544 878 2628; x_wconf 74' lang='grc' dir='ltr'><strong><em>πολλαχόθι</em></strong></span> <span class='ocrx_word' id='word_1_175' title='bbox 904 2543 968 2632; x_wconf 80' lang='grc' dir='ltr'>’τῆς</span> <span class='ocrx_word' id='word_1_176' title='bbox 989 2547 1098 2635; x_wconf 83' lang='grc' dir='ltr'><strong><em>χώρας</em></strong></span> <span class='ocrx_word' id='word_1_177' title='bbox 1167 2555 1170 2561; x_wconf 88' lang='grc'><strong>’</strong></span> 
     </span>
     <span class='ocr_line' id='line_1_23' title="bbox 60 2643 1106 2738; baseline 0 -20"><span class='ocrx_word' id='word_1_178' title='bbox 60 2649 231 2737; x_wconf 78' lang='grc' dir='ltr'><strong><em>ἀποβάσεις</em></strong></span> <span class='ocrx_word' id='word_1_179' title='bbox 252 2649 451 2732; x_wconf 73' lang='grc' dir='ltr'><strong><em>ποιοίμενος,</em></strong></span> <span class='ocrx_word' id='word_1_180' title='bbox 485 2648 611 2738; x_wconf 70' lang='grc' dir='ltr'><strong><em>ἐπόρθει</em></strong></span> <span class='ocrx_word' id='word_1_181' title='bbox 638 2651 689 2715; x_wconf 78' lang='grc' dir='ltr'>καὶ</span> <span class='ocrx_word' id='word_1_182' title='bbox 721 2649 899 2735; x_wconf 72' lang='grc' dir='ltr'><strong><em>κατέτρεχε,</em></strong></span> <span class='ocrx_word' id='word_1_183' title='bbox 930 2651 1038 2738; x_wconf 77' lang='grc' dir='ltr'><strong><em>μέχρις</em></strong></span> <span class='ocrx_word' id='word_1_184' title='bbox 1060 2643 1106 2718; x_wconf 83' lang='lat'>05</span> 
     </span>
     <span class='ocr_line' id='line_1_24' title="bbox 58 2747 1094 2846; baseline 0 -24"><span class='ocrx_word' id='word_1_185' title='bbox 58 2756 226 2844; x_wconf 70' lang='grc' dir='ltr'><strong><em>τραύματα</em></strong></span> <span class='ocrx_word' id='word_1_186' title='bbox 258 2753 378 2842; x_wconf 81' lang='grc' dir='ltr'><strong><em>λαβὼν</em></strong></span> <span class='ocrx_word' id='word_1_187' title='bbox 398 2751 459 2819; x_wconf 71' lang='grc' dir='ltr'>ὕπὸ</span> <span class='ocrx_word' id='word_1_188' title='bbox 497 2759 560 2820; x_wconf 83' lang='grc' dir='ltr'>τῶν</span> <span class='ocrx_word' id='word_1_189' title='bbox 606 2753 888 2846; x_wconf 75' lang='grc' dir='ltr'><strong><em>προςβοηθοῦντιον</em></strong></span> <span class='ocrx_word' id='word_1_190' title='bbox 915 2747 1094 2822; x_wconf 80' lang='grc' dir='ltr'><strong><em>ἀπέπλεοσε.</em></strong></span> 
     </span>
     <span class='ocr_line' id='line_1_25' title="bbox 59 2854 1097 2948; baseline 0.001 -23"><span class='ocrx_word' id='word_1_191' title='bbox 59 2859 145 2927; x_wconf 87' lang='lat' dir='ltr'>Plut.</span> <span class='ocrx_word' id='word_1_192' title='bbox 177 2858 282 2925; x_wconf 92' lang='lat' dir='ltr'>Phoc.</span> <span class='ocrx_word' id='word_1_193' title='bbox 314 2882 343 2924; x_wconf 90' lang='lat' dir='ltr'>c.</span> <span class='ocrx_word' id='word_1_194' title='bbox 379 2856 427 2942; x_wconf 76' lang='lat'>¹5·</span> <span class='ocrx_word' id='word_1_195' title='bbox 487 2856 603 2948; x_wconf 81' lang='lat' dir='ltr'>Itaque</span> <span class='ocrx_word' id='word_1_196' title='bbox 635 2857 759 2923; x_wconf 91' lang='lat' dir='ltr'>iustum</span> <span class='ocrx_word' id='word_1_197' title='bbox 790 2881 868 2922; x_wconf 90' lang='lat' dir='ltr'>sane</span> <span class='ocrx_word' id='word_1_198' title='bbox 900 2854 1028 2924; x_wconf 88' lang='lat' dir='ltr'>bellum</span> <span class='ocrx_word' id='word_1_199' title='bbox 1064 2875 1097 2926; x_wconf 88' lang='lat' dir='ltr'>et</span> 
     </span>
     <span class='ocr_line' id='line_1_26' title="bbox 61 2959 1096 3057; baseline -0.002 -27"><span class='ocrx_word' id='word_1_200' title='bbox 61 2961 298 3057; x_wconf 77' lang='lat' dir='ltr'>OlympGx,</span> <span class='ocrx_word' id='word_1_201' title='bbox 325 2985 336 3027; x_wconf 91' lang='lat' dir='ltr'>t</span> <span class='ocrx_word' id='word_1_202' title='bbox 364 2962 502 3026; x_wconf 89' lang='lat' dir='ltr'>ineunte</span> <span class='ocrx_word' id='word_1_203' title='bbox 525 2977 674 3027; x_wconf 85' lang='lat' dir='ltr'>exortum</span> <span class='ocrx_word' id='word_1_204' title='bbox 697 2978 763 3041; x_wconf 91' lang='lat' dir='ltr'>est,</span> <span class='ocrx_word' id='word_1_205' title='bbox 795 2977 925 3052; x_wconf 87' lang='lat' dir='ltr'>etpost</span> <span class='ocrx_word' id='word_1_206' title='bbox 955 2959 1096 3028; x_wconf 89' lang='lat' dir='ltr'>solutam</span> 
     </span>
     <span class='ocr_line' id='line_1_27' title="bbox 59 3059 1095 3158; baseline -0.004 -24"><span class='ocrx_word' id='word_1_207' title='bbox 59 3069 158 3134; x_wconf 85' lang='lat' dir='ltr'>etiam</span> <span class='ocrx_word' id='word_1_208' title='bbox 180 3059 334 3158; x_wconf 83' lang='lat' dir='ltr'>Byzantii</span> <span class='ocrx_word' id='word_1_209' title='bbox 363 3062 571 3130; x_wconf 88' lang='lat' dir='ltr'>obsidionem</span> <span class='ocrx_word' id='word_1_210' title='bbox 599 3064 837 3130; x_wconf 89' lang='lat' dir='ltr'>continuatum.</span> <span class='ocrx_word' id='word_1_211' title='bbox 860 3100 902 3116; x_wconf 91' lang='lat'>·-</span> <span class='ocrx_word' id='word_1_212' title='bbox 924 3063 969 3129; x_wconf 91' lang='lat' dir='ltr'>At</span> <span class='ocrx_word' id='word_1_213' title='bbox 991 3087 1095 3158; x_wconf 90' lang='lat' dir='ltr'>quum</span> 
     </span>
     <span class='ocr_line' id='line_1_28' title="bbox 59 3159 1108 3264; baseline -0.003 -28"><span class='ocrx_word' id='word_1_214' title='bbox 59 3169 239 3264; x_wconf 87' lang='lat' dir='ltr'>Philippus</span> <span class='ocrx_word' id='word_1_215' title='bbox 262 3169 517 3260; x_wconf 86' lang='lat' dir='ltr'>impressionem</span> <span class='ocrx_word' id='word_1_216' title='bbox 547 3169 584 3234; x_wconf 92' lang='lat' dir='ltr'>in</span> <span class='ocrx_word' id='word_1_217' title='bbox 608 3166 784 3232; x_wconf 81' lang='lat' dir='ltr'>Graeciam</span> <span class='ocrx_word' id='word_1_218' title='bbox 811 3166 852 3232; x_wconf 89' lang='lat' dir='ltr'>ab</span> <span class='ocrx_word' id='word_1_219' title='bbox 874 3159 1108 3259; x_wconf 37' lang='lat' dir='ltr'>Amphictyo-¹</span> 
     </span>
     <span class='ocr_line' id='line_1_29' title="bbox 58 3271 1105 3390; baseline -0.004 -50"><span class='ocrx_word' id='word_1_220' title='bbox 58 3275 157 3342; x_wconf 88' lang='lat' dir='ltr'>nibus</span> <span class='ocrx_word' id='word_1_221' title='bbox 186 3275 342 3340; x_wconf 84' lang='lat' dir='ltr'>inritatus</span> <span class='ocrx_word' id='word_1_222' title='bbox 381 3271 535 3352; x_wconf 80' lang='lat' dir='ltr'>iaciebat,</span> <span class='ocrx_word' id='word_1_223' title='bbox 578 3272 691 3339; x_wconf 84' lang='lat' dir='ltr'>omnia</span> <span class='ocrx_word' id='word_1_224' title='bbox 722 3286 840 3361; x_wconf 88' lang='lat' dir='ltr'>pecata</span> <span class='ocrx_word' id='word_1_225' title='bbox 873 3272 1105 3390; x_wconf 79' lang='lat' dir='ltr'>conspicimus</span> 
     </span>
     <span class='ocr_line' id='line_1_30' title="bbox 59 3371 1097 3472; baseline -0.006 -25"><span class='ocrx_word' id='word_1_226' title='bbox 59 3380 321 3472; x_wconf 86' lang='lat' dir='ltr'>compositaque.</span> <span class='ocrx_word' id='word_1_227' title='bbox 364 3376 482 3467; x_wconf 83' lang='lat' dir='ltr'>Neque</span> <span class='ocrx_word' id='word_1_228' title='bbox 503 3375 566 3442; x_wconf 91' lang='lat' dir='ltr'>hoc</span> <span class='ocrx_word' id='word_1_229' title='bbox 589 3374 713 3455; x_wconf 90' lang='lat' dir='ltr'>solum,</span> <span class='ocrx_word' id='word_1_230' title='bbox 735 3395 851 3440; x_wconf 83' lang='lat' dir='ltr'>verum</span> <span class='ocrx_word' id='word_1_231' title='bbox 872 3375 970 3442; x_wconf 87' lang='lat' dir='ltr'>etiam</span> <span class='ocrx_word' id='word_1_232' title='bbox 991 3371 1097 3442; x_wconf 83' lang='lat' dir='ltr'>Athe-</span> 
     </span>
    </p>

    <p class='ocr_par' dir='ltr' id='par_1_4' title="bbox 57 3475 1105 3890">
     <span class='ocr_line' id='line_1_31' title="bbox 58 3475 1095 3572; baseline -0.004 -22"><span class='ocrx_word' id='word_1_233' title='bbox 58 3485 191 3550; x_wconf 89' lang='lat' dir='ltr'>nienses</span> <span class='ocrx_word' id='word_1_234' title='bbox 216 3480 354 3572; x_wconf 85' lang='lat' dir='ltr'>Olymp.</span> <span class='ocrx_word' id='word_1_235' title='bbox 379 3479 453 3561; x_wconf 88' lang='lat' dir='ltr'>CX,</span> <span class='ocrx_word' id='word_1_236' title='bbox 476 3475 781 3600; x_wconf 85' lang='lat' dir='ltr'>aElaphebolione</span> <span class='ocrx_word' id='word_1_237' title='bbox 803 3494 844 3543; x_wconf 89' lang='lat' dir='ltr'>et</span> <span class='ocrx_word' id='word_1_238' title='bbox 863 3477 1095 3570; x_wconf 82' lang='lat' dir='ltr'>Munychione</span> 
     </span>
     <span class='ocr_line' id='line_1_32' title="bbox 57 3573 1105 3678; baseline -0.009 -24"><span class='ocrx_word' id='word_1_239' title='bbox 57 3589 150 3678; x_wconf 87' lang='lat' dir='ltr'>pacis</span> <span class='ocrx_word' id='word_1_240' title='bbox 174 3586 279 3652; x_wconf 81' lang='lat' dir='ltr'>sactae</span> <span class='ocrx_word' id='word_1_241' title='bbox 303 3602 335 3650; x_wconf 93' lang='lat' dir='ltr'>et</span> <span class='ocrx_word' id='word_1_242' title='bbox 355 3605 419 3678; x_wconf 90' lang='lat' dir='ltr'>per</span> <span class='ocrx_word' id='word_1_243' title='bbox 441 3583 696 3674; x_wconf 87' lang='lat' dir='ltr'>impressionem</span> <span class='ocrx_word' id='word_1_244' title='bbox 723 3582 759 3648; x_wconf 91' lang='lat' dir='ltr'>in</span> <span class='ocrx_word' id='word_1_245' title='bbox 789 3579 964 3649; x_wconf 85' lang='lat' dir='ltr'>Graeciam</span> <span class='ocrx_word' id='word_1_246' title='bbox 992 3578 1095 3650; x_wconf 84' lang='lat' dir='ltr'>v1ola</span> <span class='ocrx_word' id='word_1_247' title='bbox 1102 3573 1105 3582; x_wconf 62' lang='grc'><strong>’</strong></span> 
     </span>
     <span class='ocr_line' id='line_1_33' title="bbox 58 3683 1096 3782; baseline -0.006 -26"><span class='ocrx_word' id='word_1_248' title='bbox 58 3709 109 3758; x_wconf 88' lang='lat' dir='ltr'>tae</span> <span class='ocrx_word' id='word_1_249' title='bbox 141 3689 345 3782; x_wconf 87' lang='lat' dir='ltr'>Philippum</span> <span class='ocrx_word' id='word_1_250' title='bbox 373 3686 568 3767; x_wconf 87' lang='lat' dir='ltr'>admonent,</span> <span class='ocrx_word' id='word_1_251' title='bbox 602 3704 635 3753; x_wconf 90' lang='lat' dir='ltr'>et</span> <span class='ocrx_word' id='word_1_252' title='bbox 663 3683 719 3751; x_wconf 90' lang='lat' dir='ltr'>ille</span> <span class='ocrx_word' id='word_1_253' title='bbox 755 3687 862 3754; x_wconf 86' lang='lat' dir='ltr'>exorti</span> <span class='ocrx_word' id='word_1_254' title='bbox 889 3683 974 3753; x_wconf 86' lang='lat' dir='ltr'>belli</span> <span class='ocrx_word' id='word_1_255' title='bbox 999 3683 1096 3751; x_wconf 88' lang='lat' dir='ltr'>nulla</span> 
     </span>
     <span class='ocr_line' id='line_1_34' title="bbox 58 3788 1096 3890; baseline -0.009 -26"><span class='ocrx_word' id='word_1_256' title='bbox 58 3796 232 3864; x_wconf 87' lang='lat' dir='ltr'>mentione</span> <span class='ocrx_word' id='word_1_257' title='bbox 270 3792 355 3859; x_wconf 81' lang='lat' dir='ltr'>sacta</span> <span class='ocrx_word' id='word_1_258' title='bbox 395 3789 433 3858; x_wconf 89' lang='lat' dir='ltr'>id</span> <span class='ocrx_word' id='word_1_259' title='bbox 470 3789 579 3858; x_wconf 92' lang='lat' dir='ltr'>solum</span> <span class='ocrx_word' id='word_1_260' title='bbox 616 3789 875 3890; x_wconf 83' lang='lat' dir='ltr'>Atheniensibus</span> <span class='ocrx_word' id='word_1_261' title='bbox 910 3788 1096 3880; x_wconf 84' lang='lat' dir='ltr'>exprobrat,</span> 
     </span>
    </p>
   </div>
   <div class='ocr_carea' id='block_1_4' title="bbox 58 3891 1210 4210">
    <p class='ocr_par' dir='ltr' id='par_1_5' title="bbox 58 3891 1210 4210">
     <span class='ocr_line' id='line_1_35' title="bbox 60 3891 1095 3992; baseline -0.004 -28"><span class='ocrx_word' id='word_1_262' title='bbox 60 3895 155 3992; x_wconf 86' lang='lat' dir='ltr'>qnod</span> <span class='ocrx_word' id='word_1_263' title='bbox 175 3891 615 3984; x_wconf 13' lang='lat' dir='ltr'>Thessalosh&#39;fhebanosque</span> <span class='ocrx_word' id='word_1_264' title='bbox 645 3891 831 3962; x_wconf 87' lang='lat' dir='ltr'>abalienare</span> <span class='ocrx_word' id='word_1_265' title='bbox 861 3917 971 3960; x_wconf 90' lang='lat' dir='ltr'>asese</span> <span class='ocrx_word' id='word_1_266' title='bbox 1000 3893 1095 3960; x_wconf 86' lang='lat' dir='ltr'>omni</span> 
     </span>
     <span class='ocr_line' id='line_1_36' title="bbox 58 3995 1098 4090; baseline -0.004 -24"><span class='ocrx_word' id='word_1_267' title='bbox 58 4001 160 4070; x_wconf 89' lang='lat' dir='ltr'>modo</span> <span class='ocrx_word' id='word_1_268' title='bbox 184 3999 355 4080; x_wconf 86' lang='lat' dir='ltr'>studeant,</span> <span class='ocrx_word' id='word_1_269' title='bbox 383 4016 416 4066; x_wconf 93' lang='lat' dir='ltr'>et</span> <span class='ocrx_word' id='word_1_270' title='bbox 443 3997 709 4090; x_wconf 86' lang='lat' dir='ltr'>Scirophorionis</span> <span class='ocrx_word' id='word_1_271' title='bbox 731 3998 866 4065; x_wconf 87' lang='lat' dir='ltr'>demum</span> <span class='ocrx_word' id='word_1_272' title='bbox 888 3995 971 4064; x_wconf 84' lang='lat' dir='ltr'>XVI</span> <span class='ocrx_word' id='word_1_273' title='bbox 992 3996 1098 4064; x_wconf 85' lang='lat' dir='ltr'>Athe-</span> 
     </span>
     <span class='ocr_line' id='line_1_37' title="bbox 59 4099 1210 4210; baseline -0.003 -38"><span class='ocrx_word' id='word_1_274' title='bbox 59 4107 212 4186; x_wconf 86' lang='lat' dir='ltr'>nienses,</span> <span class='ocrx_word' id='word_1_275' title='bbox 243 4127 348 4198; x_wconf 90' lang='lat' dir='ltr'>quum</span> <span class='ocrx_word' id='word_1_276' title='bbox 375 4121 471 4198; x_wconf 82' lang='lat' dir='ltr'>capta</span> <span class='ocrx_word' id='word_1_277' title='bbox 498 4100 599 4170; x_wconf 90' lang='lat' dir='ltr'>modo</span> <span class='ocrx_word' id='word_1_278' title='bbox 629 4099 742 4201; x_wconf 86' lang='lat' dir='ltr'>Elatea</span> <span class='ocrx_word' id='word_1_279' title='bbox 771 4117 864 4210; x_wconf 75' lang='lat' dir='ltr'>esset,¹</span> <span class='ocrx_word' id='word_1_280' title='bbox 892 4125 933 4169; x_wconf 82' lang='lat' dir='ltr'>ex</span> <span class='ocrx_word' id='word_1_281' title='bbox 963 4101 1097 4192; x_wconf 76' lang='lat' dir='ltr'>decreto</span> <span class='ocrx_word' id='word_1_282' title='bbox 1207 4135 1210 4142; x_wconf 90' lang='grc'>·</span> 
     </span>
    </p>
   </div>
   <div class='ocr_carea' id='block_1_5' title="bbox 0 0 1380 4772">
    <p class='ocr_par' dir='ltr' id='par_1_6' title="bbox 0 0 1380 4772">
     <span class='ocr_line' id='line_1_38' title="bbox 0 0 1380 4772; baseline 0 3"><span class='ocrx_word' id='word_1_283' title='bbox 0 0 1380 4772; x_wconf 95' lang='lat' dir='ltr'> </span> 
     </span>
    </p>
   </div>
  </div>
 </body>
</html>
