2694 4784
691 319 842 428 Q

243 479 425 564 Phalaecus
459 489 589 560 tradita.
617 489 764 561 Phocide
803 485 948 559 liberum
975 491 1041 559 sibi
1076 487 1292 584 aPhilippo

243 599 425 666 discessum
459 613 585 689 pactus
614 587 689 664 sit.¹
727 597 904 690 inopinata
942 613 1054 664 autem
1082 595 1146 662 hac
1175 594 1294 662 renum

243 703 461 774 conversione
481 702 677 794 perterritos
699 699 920 767 Athenienses
951 697 1165 766 decretum
1194 697 1296 768 Cal-

242 807 446 876 listhenis
477 802 535 892 (dc
565 826 633 874 eor.
661 829 697 897 p.
727 807 806 896 238)
836 805 882 871 de'
907 805 1054 870 excubiis
1083 803 1230 897 fugaque
1253 830 1296 870 ex
1332 817 1343 820 Α

247 913 333 1006 agris
374 899 597 1002 capessenda
617 909 832 978 confirmasse
871 903 1013 978 testatur
1049 907 1296 976 Demosthenes

156 1099 157 1102 Ἴ
242 1047 276 1084 π.
301 1039 440 1104 noeane.
463 1039 498 1107 Ρ.
521 1013 585 1083 368
610 1030 643 1080 et
664 1017 739 1105 379
1333 1027 1343 1032 “

329 1119 468 1184 Annum
489 1141 578 1198 vero,
603 1141 670 1210 quo
693 1118 778 1185 sacta
808 1108 889 1185 siht
905 1117 1008 1199 haec,
1030 1117 1215 1183 Aeschines
1237 1142 1292 1184 ac-

243 1240 359 1293 curate
381 1220 509 1290 definit.
553 1222 854 1298 Themistocle
868 1223 960 1289 euim
981 1220 1151 1302 archonte,
1176 1223 1224 1288 ait
1245 1223 1295 1305 (in

246 1327 334 1396 Ctes.
355 1353 390 1422 p.
412 1327 482 1417 62),
506 1325 767 1395 Demosthenem
790 1328 991 1395 senatoriam
1009 1324 1208 1418 dignitatem
1223 1350 1296 1394 sor-

243 1435 344 1501 titum
367 1455 448 1515 esse,
471 1430 617 1497 ct‘haud
631 1422 732 1523 longe
745 1449 822 1526 post
834 1423 1060 1499 Philocratem
1081 1429 1122 1498 de
1139 1430 1296 1498 creandis
1335 1454 1337 1456 ·

245 1535 289 1604 ad
318 1534 546 1629 Philippum
549 1536 642 1629 pacis
679 1560 776 1603 causa
808 1535 926 1628 legatis
960 1533 1131 1603 decretum
1165 1535 1294 1604 tulisse.

244 1639 388 1734 Reliqua
409 1658 539 1723 autem,
570 1663 655 1733 quae
676 1640 850 1708 subsecuta
871 1657 966 1722 sunt,
994 1638 1077 1706 dum
1099 1639 1294 1730 agebantur,

245 1745 497 1816 Demosthenes
509 1745 675 1814 senatoria
704 1743 866 1836 dignitate
895 1744 1107 1836 fungebatur.
1152 1743 1297 1811 Senator
1342 1769 1343 1774 ¹

246 1849 420 1919 decretum
448 1848 528 1916 tulit
557 1847 600 1915 de
621 1849 822 1917 maturando
852 1847 1080 1940 legatorum
1070 1850 1299 1917 1tinereMu-

244 1954 425 2046 nychionis
457 1954 518 2020 Ill.
564 1954 662 2019 Dem.
695 1981 728 2019 π.
751 1978 890 2044 παραπρ.
919 1978 955 2047 Ρ.
984 1954 1058 2043 389.
1090 1951 1132 2018 de
1160 1977 1229 2021 cor.
1260 1980 1296 2046 p.

247 2061 330 2139 233,
353 2059 428 2127 235.
474 2054 568 2123 Idem
596 2054 762 2149 proedrus
795 2055 885 2139 fuit,
904 2081 973 2151 quo
995 2056 1050 2124 die
1072 2058 1155 2124 socii
1176 2081 1297 2149 pacem

248 2186 326 2228 cum
323 2157 541 2252 Philippo
532 2162 652 2226 mitam
673 2160 746 2227 iure
768 2159 910 2228 iurando
939 2162 1195 2254 confirmabant,
1218 2162 1298 2228 Ela-

246 2242 460 2358 phebolionis
484 2262 539 2330 die
562 2239 688 2332 Xlllll.
722 2265 882 2332 Aesohss
872 2291 910 2331 ιιι
933 2265 1021 2334 Ctes
1043 2291 1077 2359 Ρ.
1101 2267 1154 2352 64.
1176 2295 1207 2332 ιτ.
1230 2294 1295 2332 πα-

248 2395 343 2459 ραπρ.
365 2395 401 2464 Ρ.
424 2371 477 2459 39.
522 2368 623 2436 Unde
638 2392 846 2464 consequens
869 2387 929 2453 est,
951 2387 989 2437 ut
1004 2394 1115 2438 omma
1136 2395 1182 2452 ea,
1204 2393 1291 2460 quae

196 2483 200 2496 '
246 2473 349 2544 modo
394 2476 638 2558 enarravimus,
667 2499 774 2566 usquc
798 2474 842 2540 ad
862 2475 1076 2542 Piraeens'em
1097 2474 1192 2541 illam
1213 2499 1293 2542 con-

247 2581 392 2662 cionem,
414 2603 483 2648 uno
506 2582 573 2648 sint
588 2578 775 2670 eodemque
792 2604 879 2647 anuo
897 2579 991 2662 facta,
1014 2578 1116 2646 idest
1138 2578 1296 2673 Olymp.

247 2682 383 2750 GVlll
413 2705 519 2750 anno
549 2680 750 2764 secundo,
784 2685 876 2752 cuius
907 2684 1031 2751 archon
1069 2679 1167 2777 epou.
1201 2685 1299 2752 The-

248 2784 416 2854 mistocles
429 2785 502 2852 fuit.
548 2783 745 2876 Eodemque
762 2787 920 2855 archonte
934 2789 1076 2881 Dionys.
1090 2788 1165 2854 Hal.
1188 2791 1342 2883 (epist.

250 2890 293 2958 ad
314 2889 427 2957 Amm.
449 2889 479 2980 §.
506 2895 575 2973 ιι),
599 2888 694 2957 cuius
717 2894 890 2959 auctoritas
915 2917 1022 2984 aeque
1043 2919 1082 2960 ac
1076 2889 1300 2961 Philochori

248 2994 347 3077 valet,
370 2995 501 3088 quippe
523 3015 625 3087 quem
645 2993 683 3059 in
704 2979 757 3063 his
773 2996 900 3089 ubique
922 3015 999 3065 ante
1013 2997 1127 3080 oculos
1141 2997 1298 3066 habuisse

249 3096 413 3182 videatur,
434 3120 554 3191 pacem
575 3097 737 3193 Philippo
768 3123 847 3168 cum
868 3101 1130 3182 Atheniensibus
1158 3127 1302 3198 compo-

250 3204 347 3270 sitam
370 3224 440 3270 esse
460 3201 572 3270 reicit

244 3331 246 3336 ’
338 3305 387 3375 Ut
422 3329 501 3377 vero
534 3307 643 3377 omnis
676 3329 715 3376 ea
747 3307 791 3375 de
822 3332 860 3374 re
893 3305 1056 3380 dubitatio
1088 3311 1302 3404 profligetur,

158 3404 162 3410 ⁴
250 3433 358 3478 unum
386 3408 570 3479 alterumve
603 3409 716 3478 adhuc
743 3411 843 3482 liceat
869 3417 1033 3508 ,temporis
1061 3413 1179 3482 afferre
1206 3416 1305 3483 indi-

250 3517 355 3582 cium.
379 3551 420 3566 -
443 3513 698 3596 Demosthenes,
720 3538 824 3605 qaum
846 3540 923 3586 cum
950 3518 1052 3602 altera
1072 3519 1240 3613 legatione
1261 3523 1305 3588 in

237 3617 490 3688 ¹Macedoniam
511 3635 597 3706 esset
616 3617 796 3710 profectus,
818 3617 1012 3713 promisisse
1037 3623 1110 3692 illic
1131 3625 1197 3692 sibi
1219 3625 1305 3691 Phi-

250 3723 386 3818 lippum
406 3721 529 3804 resert]
543 3721 689 3817 captivos
710 3724 950 3811 Athenienses,
978 3729 1100 3823 quibus
1126 3728 1301 3796 redimen-

252 3827 305 3896 dis
332 3852 500 3897 summam
529 3826 771 3916 Demosthenes
804 3829 840 3897 in
869 3832 1036 3928 legatione
1071 3832 1130 3902 illa
1159 3857 1298 3926 operam

152 3989 157 3996 ,
225 3985 226 3990 ,
253 3931 371 4015 dabat,
413 3931 501 4001 velle
531 3955 568 4000 se
602 3933 650 3999 ad'
674 3935 1085 4016 PanathenaeaAthenas
1117 3941 1299 4005 remittere.
1340 3977 1341 3984 ι

222 4032 224 4036 ’
252 4039 351 4103 Dem.
374 4065 407 4104 π.
430 4061 570 4126 noeane.
591 4063 628 4132 Ρ.
651 4039 725 4129 394.
772 4042 928 4124 Quamvis
956 4044 994 4108 iu
1023 4043 1076 4109 his
1099 4042 1341 4110 Demosthe-z

254 4165 313 4212 nes
335 4163 405 4211 non
427 4159 578 4212 accurate
601 4147 813 4236 expresserit,
844 4147 1077 4216 Panathenaea
1107 4169 1228 4238 magna
1251 4172 1306 4215 es-
