2708 4768
685 296 843 408 ..EQ

246 472 486 564 Dionysiorum
515 468 740 568 solemnitatc3
771 472 924 552 maxime,
947 466 1038 561 quod
1059 467 1188 535 virtutis
1210 490 1289 559 gra-

247 579 293 645 tia
315 593 348 642 et
368 573 630 655 benevolentiae,
653 597 756 666 qumn
779 597 856 665 erga
873 573 1017 641 Graecos
1033 595 1147 639 omnes
1170 589 1203 639 et
1223 595 1289 664 po-

246 677 365 772 pulum
386 678 626 745 Atheniensem
647 695 809 771 perpetuo
838 678 990 758 haberet,
1020 694 1054 743 et
1083 673 1211 767 agendo
1233 673 1290 740 di-

247 781 422 874 cendoque
451 799 640 849 constanter
659 801 855 874 praestaret.
902 781 945 850 V.
981 779 1097 848 Aesch.
1131 777 1290 846 libellum

244 890 282 954 iu
304 889 401 957 Dem·
426 883 468 950 de
491 910 558 953 cor.
580 913 615 978 p.
639 886 712 970 243.

331 991 587 1056 Accusationem
620 991 707 1056 hanc
734 987 776 1054 ad
805 990 1000 1056 archontem
1034 987 1175 1055 delatam
1208 1005 1290 1054 ante

241 1089 397 1184 ‘Philippi
420 1095 545 1160 obitum
569 1118 637 1160 esse
653 1093 834 1160 Aeschines
858 1093 981 1160 diserte
1004 1096 1050 1160 ait
1071 1117 1118 1160 ou.
1141 1094 1178 1157 in
1195 1092 1288 1159 Ctes.

243 1224 280 1291 p.
302 1201 343 1266 85
367 1199 429 1262 in.:
452 1197 617 1282 ἀπηνέχθη
638 1195 659 1283 ἦ
687 1197 767 1264 κατὰ
789 1202 879 1264 τοῦδε
900 1205 957 1264 τοῦ
978 1200 1185 1286 ψηφίσματος
1204 1223 1291 1284 γρα-

246 1302 290 1392 φὴ
319 1341 362 1354 -
390 1299 433 1367 έτι
462 1303 618 1367 Φιλίππου
654 1303 781 1383 ζῶντος,
819 1304 892 1389 πρὶν
914 1301 1116 1389 Ἀλέξανδρον
1152 1303 1194 1378 εἰς
1227 1301 1291 1386 τὴν

245 1405 346 1494 οἰρχην
377 1411 576 1504 καταστῆναι.
628 1404 827 1498 Philippum
858 1404 1034 1471 decessisse
1069 1421 1196 1470 constat
1224 1404 1290 1470 Ol.

247 1508 337 1588 CXI,
365 1531 375 1573 1
404 1507 520 1596 (Diod.
545 1509 635 1575 XVI.
657 1531 718 1598 91.
756 1510 889 1576 Arrian.
913 1507 1038 1598 Exped.
1066 1510 1107 1575 A.
1131 1509 1156 1576 l.
1180 1509 1290 1598 inin),

244 1619 426 1703 menseque
450 1613 689 1704 Metagitnione
712 1629 767 1678 aut
788 1612 1031 1680 Boed1·omione
1057 1615 1100 1698 (v.
1126 1612 1220 1680 Cors.
1244 1614 1289 1678 F.

118 1788 120 1792 f
243 1709 285 1787 A.
325 1716 365 1781 Τ.
407 1715 465 1786 lV.
499 1743 534 1808 p.
571 1716 649 1806 41..)
699 1716 869 1784 Proelium
906 1735 1015 1798 autem
1047 1717 1290 1782 Chaeronense

245 1845 350 1916 quum
378 1823 591 1887 commissum
619 1823 662 1887 sit
685 1821 822 1914 Olymp.
848 1821 928 1901 CX,
959 1824 1116 1888 dmense
1140 1823 1290 1911 Metagi-

243 1927 371 2006 tnione,
393 1924 533 2015 Olymp.
564 1925 626 1990 CX
654 1948 742 1990 anno
766 1928 785 1993 3
809 1924 1017 1991 solummodo
1047 1949 1105 1991 seu
1135 1924 1157 2009 4
1189 1941 1290 2016 patet

243 2027 472 2119 Pyanepsione
493 2050 608 2093 mense
630 2024 736 2118 legem
755 2028 980 2120 Ctesiphontis
1002 2028 1114 2110 latam,
1136 2026 1292 2121 Elaphe-

242 2130 380 2199 bolione
403 2131 567 2196 actionem
595 2133 633 2196 in
656 2131 909 2224 Ctesiphontem
931 2132 971 2197 ab
994 2132 1159 2198 Aeschine
1181 2135 1289 2200 insti-

243 2251 348 2302 tutam
371 2255 440 2300 esse
461 2255 567 2323 posse.

294 2399 296 2410 ,
329 2337 374 2405 Et
402 2336 595 2404 archontem
625 2337 764 2430 quidem
786 2337 1032 2421 Chaerondam‚
1057 2339 1150 2407 clade
1173 2339 1291 2407 Chae-

242 2443 378 2511 ronensi
406 2442 587 2532 insignem,
617 2444 689 2536 ipsa
717 2444 890 2512 Aeschinis
923 2447 1085 2512 accusatio
1114 2443 1288 2536 praelert;

243 2545 418 2612 undeeam
431 2543 485 2611 Ol.
500 2546 573 2627 CX,
597 2548 616 2614 3
642 2545 914 2640 Elaphebolione‚
938 2541 1049 2616 octavo
1063 2566 1137 2640 post
1148 2547 1288 2644 cladem

242 2673 355 2717 mense
388 2649 431 2714 ad
459 2650 651 2715 archontem
679 2649 827 2717 delatam
843 2670 962 2746 pateat.
1008 2654 1053 2718 At
1074 2655 1110 2717 in
1127 2653 1285 2720 oratione

152 2761 173 2809 .’
244 2753 397 2836 adversus
418 2750 669 2844 Ctesiphontem
687 2754 869 2822 Aeschines
902 2756 1129 2826 demonstrare
1153 2753 1286 2838 volens,

244 2855 495 2947 Ctesiphontem
526 2856 633 2946 legem
662 2855 704 2922 de
733 2858 923 2927 coronando
951 2861 1176 2926 Demosthene
1197 2885 1288 2953 pro-

241 2961 400 3054 posuisse,
424 2984 528 3052 quum
540 2958 598 3027 ille
609 2968 782 3044 τειχοποιοῦ
804 2987 943 3030 munere
964 2964 1072 3031 adhuc
1083 2965 1286 3054 fungeretur

242 3063 297 3149 (ῶς
311 3065 415 3130 τοίνυν
430 3066 479 3129 καί
494 3063 551 3150 τὴν
563 3071 625 3131 τῶν
635 3071 815 3149 τειχοποιῶν
828 3066 928 3154 ἀρχὴν
937 3061 1039 3154 ἦρχεν,
1064 3069 1115 3134 ὅθ’
1127 3061 1220 3146 οὗτος
1241 3071 1283 3136 τὸ

241 3167 392 3255 ψήφισμα
414 3167 539 3256 ἔγραψε,
563 3205 607 3220 -
627 3168 747 3236 τούτων
774 3167 847 3253 ῧμΐν
877 3172 974 3238 αὐτὸν
993 3173 1205 3259 Δημοσθένην
1227 3178 1284 3239 καί

242 3274 453 3360 Κτησιφῶντα
489 3271 651 3360 μάρτυρας
685 3273 876 3363 παρέξομαι)
917 3275 1105 3342 clarissimis
1149 3276 1280 3344 verbis:

119 3433 124 3438 .
242 3373 301 3439 tat
328 3372 568 3459 Χαιρώνδου
598 3375 806 3461 ι’ίρχοντος,
838 3378 901 3459 ait,
934 3381 1151 3466 Θαργηλιῶνος
1176 3381 1284 3467 μηνὸς

241 3476 371 3566 δευτέρᾳ
391 3477 569 3563 φθίνοντος,
593 3480 751 3564 ἐκκλησίας
773 3481 867 3567 σῶσης
894 3481 1010 3568 έχραηιε
1031 3482 1182 3570 ψήφισμα
1203 3489 1281 3570 Δη-

238 3580 408 3664 μοσθένης,
430 3577 549 3665 ἀγορὰν
569 3588 696 3666 ποιῆσαι
716 3589 779 3649 τῶν
806 3591 912 3673 φυλῶν
932 3591 1182 3676 Σκιροφοριῶνος
1204 3592 1280 3656 δευ-

238 3684 314 3774 τέρη
335 3682 501 3768 ἱσταμένου
521 3685 572 3747 καὶ
593 3687 700 3772 τρίτη,
730 3690 781 3752 καὶ
812 3689 952 3768 ἐπέταξεν
973 3693 1006 3756 έν
1026 3697 1070 3780 τῷ
1092 3695 1278 3780 ψηφίσματι

238 3785 368 3872 ἑκάστης
393 3791 456 3852 τῶν
483 3792 591 3872 φυλῶν
619 3786 745 3856 ἑλέσθαι
772 3792 846 3870 τοίς
867 3795 1188 3880 ἓπιμεληθησομένους
1211 3803 1276 3864 τῶν

238 3888 334 3976 ’ἔρρων
364 3891 411 3956 ἐπὶ
441 3887 482 3955 τὰ
514 3893 598 3977 τείχη
630 3897 681 3958 καί
710 3897 823 3979 ταμίας
852 3897 902 3979 (in
925 3897 1012 3964 Ctes.
1035 3925 1068 3990 p.
1094 3904 1133 3989 57
1165 3907 1273 3984 extu),

238 3991 360 4083 quihus
382 4009 572 4085 susceptum
593 4018 612 4059 a
634 3995 858 4066 Demosthene
879 4009 1053 4085 τειχοποιοῦ
1074 4027 1195 4070 munus
1217 4005 1273 4069 in-

233 4093 344 4165 dicare
365 4105 442 4168 'eum
463 4095 560 4182 velle,
582 4093 762 4170 clarissime
774 4125 814 4172 ex
836 4101 956 4175 additis
976 4104 1101 4198 liquet:
1125 4109 1176 4176 eal
1196 4107 1272 4196 μάλ’
