2750 4772
526 247 682 354 E,-
772 259 773 266 r

83 415 245 477 confirmari
267 416 397 494 ridetur,
430 419 501 480 belli
523 424 646 504 spatium
668 425 780 485 nonnisi
801 423 1001 489 brevissimum
1025 430 1126 514 fuisse,

83 535 111 579 et
133 523 249 604 priores
270 522 331 581 illas
352 545 464 606 pugnas
487 527 618 586 celeriter
646 527 827 588 subsecutam
856 551 918 604 esse
953 531 1062 594 cladem
1088 538 1127 598 ad

82 621 288 686 Chaeroneam.
332 626 374 686 Ita
401 629 485 686 etiam
512 630 682 707 Aeschines,
709 653 742 691 ac
765 633 789 691 si
811 632 898 692 semel
920 646 1028 695 tantum
1050 641 1125 702 acics
1197 635 1198 644 ¹

81 729 217 787 instructa
241 732 290 789 sit:
312 719 611 812 ὑπεραισχυνθέντες
632 731 659 793 δ’
689 729 719 793 οἳ
748 731 781 794 ἐν
811 719 932 814 Θήβαις
959 729 1121 818 άρχοντες,

81 833 137 908 ait,
166 827 210 912 μὴ
241 826 372 904 δόξωσιν
393 825 437 905 ὥς
453 827 587 914 Ιάληθῶς
601 829 685 898 εἶναι
706 831 857 919 προδόται
880 839 944 897 τῶν
960 831 1125 917 Ἑλλήνωω

79 929 143 994 άπὸ
172 931 230 1014 μὲν
251 938 307 1014 τῆς
329 929 451 1017 εἰρήνης
479 933 711 1022 ἀπετράποντο,
745 938 793 1001 ἐπὶ
816 937 849 1000 δὲ
871 922 1125 1024 τὴνποράτάξιν
1185 971 1187 974 ·

81 1035 154 1122 (non
182 1037 230 1100 ε’πὶ
258 1037 292 1100 δὲ
321 1034 470 1127 πόλεμον)
498 1038 656 1123 ὥρμησαν.
694 1039 797 1104 Ἔνθα
827 1038 865 1124 δὴ
888 1042 937 1104 καὶ
960 1046 1023 1107 τῶν
1044 1041 1123 1130 elya-

77 1143 150 1202 θῶν
171 1137 295 1224 ἀνδρῶν
314 1138 402 1216 άξιόν
424 1143 507 1208 ἐστιν
529 1145 774 1228 ἐπιμνησθῆναι,
800 1141 858 1219 alr
875 1135 967 1219 οὗτος
994 1144 1123 1213 άθάτων

77 1243 128 1306 καὶ
151 1241 379 1328 ἀκαλλιερήτων
401 1244 499 1310 ὄντων
529 1252 592 1310 τῶν
614 1247 706 1332 ἷιριῖν
728 1247 890 1329 ἐκπέμψας
910 1249 958 1312 ἐπὶ
975 1247 1031 1314 τὸν
1042 1250 1122 1336 πρό-

79 1348 177 1430 δηλον
197 1348 338 1413 κίνδυνον
370 1346 530 1433 ἐτόλμησε,
561 1359 627 1426 τοΐς
656 1351 824 1437 δραπέταις
852 1352 924 1417 ποσὶ
950 1353 1001 1416 καὶ
1022 1349 1129 1418 lelna-⁶

78 1448 155 1516 πόσι
179 1449 238 1535 τὴν
266 1451 354 1528 τάξιν
381 1451 503 1534 άναβάς
536 1452 583 1518 ἐπὶ
611 1451 667 1518 τὸν
697 1453 798 1541 τάφον
824 1463 886 1521 τῶν
907 1457 1119 1540 τετελευτηκό-

78 1577 151 1636 των,
176 1554 449 1640 ἐγκωμιάζειντὴν
470 1555 590 1622 ἐκείνων
611 1555 742 1643 άρετήνε
772 1564 800 1620 in
824 1563 900 1623 Cres.
924 1585 955 1644 p.
978 1566 1019 1642 75
1041 1563 1123 1626 med*

165 1665 303 1747 Denique
319 1664 410 1726 verbo
423 1687 527 1726 moneo
545 1667 625 1724 aliam
637 1667 721 1724 etiam
735 1665 802 1747 fingi
821 1667 1011 1726 coniecturam
1022 1689 1118 1748 posse,

77 1768 102 1826 si
132 1767 242 1828 cladem
272 1769 502 1830 Chaeronensem
535 1768 671 1828 accidisse
700 1783 887 1828 statuas-non
910 1770 1117 1852 Metagitnione

76 1893 174 1932 mense
197 1872 245 1932 Ol.
269 1872 344 1950 CX,
378 1876 414 1950 3,
444 1872 481 1932 ad
513 1894 601 1955 quem
623 1863 806 1932 eam'solus
828 1873 998 1934 Plutarchus
1020 1874 1117 1952 refert,

74 1974 131 2035 sed
152 1975 355 2058 Thargelione.
399 1977 473 2036 Nam
501 1978 637 2036 archonte
668 1975 838 2036 Chaeronda
866 1997 963 2046 mense
985 1977 1117 2061 Tharge-
1200 2033 1203 2036 .

72 2080 153 2140 lione
175 2081 383 2142 Demosthenes
411 2079 560 2141 decretum
586 2081 653 2142 tulit
683 2081 721 2140 de
743 2079 872 2140 creandis
899 2103 1047 2144 murorum
1068 2103 1125 2143 re*

73 2181 265 2244 ficiendorum
286 2185 476 2264 curatoribus,
498 2207 533 2244 ex
555 2207 617 2267 quo
639 2186 702 2267 ipse
733 2197 845 2244 creatus
866 2199 910 2243 est
931 2178 1113 2262 τειχοποιός,

73 2285 234 2347 secundum
246 2289 349 2348 Aesch.
362 2311 404 2349 or.
426 2291 456 2348 iu
468 2289 546 2350 Ctes.
568 2302 598 2370 p.
614 2289 653 2368 57
668 2302 740 2348 extr.
784 2287 975 2347 Idemautem
994 2309 1113 2348 munere

73 2392 149 2467 hoc,
170 2407 201 2450 ut
225 2413 287 2473 cap.
310 2414 355 2474 sq.
377 2391 610 2468 monstrabimus,
632 2391 746 2451 functus
765 2405 808 2451 est
819 2392 955 2450 continuo
968 2406 1035 2472 post
1052 2413 1112 2474 pu-

72 2515 160 2578 gnam
171 2495 410 2555 Chaeronensem.
455 2498 492 2556 Et
502 2497 632 2554 exornari
650 2495 862 2554 haecsententia
873 2494 989 2576 egregie
1004 2507 1113 2576 posset.

70 2601 114 2659 At
136 2599 306 2658 Plutarchus
328 2601 563 2681 Metagitnionem
596 2597 676 2657 illum
699 2597 765 2657 Vll.
784 2599 826 2658 -ita
848 2599 1048 2675 communivit,
1080 2613 1114 2658 ut

72 2701 113 2761 de
136 2723 234 2762 errore
256 2702 404 2761 commisso
437 2701 514 2761 nulla
534 2703 764 2783 possitmoveri
791 2703 926 2784 suspicio.
954 2735 994 2748 --
1018 2701 1113 2778 Quam

70 2803 114 2864 ob
147 2825 209 2864 rem
243 2807 319 2864 omni
350 2819 487 2888 exparte
517 2806 547 2864 in
568 2827 668 2866 rerum
692 2804 798 2866 ordine.
832 2795 918 2889 supra
957 2806 1111 2866 constituto

69 2908 314 2992 acquiescendum
335 2929 396 2969 esse
418 2910 532 2992 opinor.
