2694 4784
675 207 870 390 Α
1334 283 1337 450 4

263 451 337 538 περὶ
361 449 442 544 [τῶν
458 447 597 542 χρόνον]
621 449 650 516 δ’
675 449 716 518 δν
736 475 787 530 τις
810 449 952 541 endem
974 451 1110 536 τοδεοον,
1142 455 1204 536 ait,
1240 456 1312 526 δνο-

263 555 345 635 στᾶς
366 554 404 622 ἓν
424 559 475 644 τῷ
497 556 572 642 ἐμῷ
594 554 707 622 ὕδατι
729 555 861 640 eludere,
884 555 974 624 nihil
997 575 1109 626 tamen
1130 559 1312 632 Aeschines
1337 617 1338 626 ,

265 657 309 728 ad
330 659 613 751 computationem
642 656 737 727 illam
758 658 957 752 respondet,
989 679 1022 730 et
1051 663 1179 731 etiamsi
1208 665 1312 734 dicat:
1338 701 1339 780 ρ

262 766 315 833 καὶ
342 760 491 847 λογισμόν
517 787 586 826 τινα
614 759 741 850 ἡμερῶν
772 769 1010 852 συνηριθμεῖτο
1033 763 1115 853 πρὸς
1146 764 1252 854 aluric,
1287 774 1312 840 δν

262 866 315 948 αἶς
335 868 395 954 ἐγὼ
416 867 474 951 μὲν
499 865 690 953 ἀπήγγελλον
724 865 783 953 τὴν
812 871 997 955 rependetur,
1028 869 1060 938 οἳ
1081 872 1117 939 δὲ
1152 875 1311 942 Φαλαίκου
1339 912 1340 956 t

262 979 321 1041 τοῦ
345 971 482 1039 Φωκέων
502 968 655 1057 τυράννου
677 971 908 1060 δρομοκήρυκες
933 971 1086 1042 τάνθένδε
1108 977 1203 1060 ἐκεῖσε
1225 979 1314 1066 διήγ-
1339 959 1340 964 ¹

261 1082 386 1164 γελλον,
416 1074 690 1150 acordement
711 1074 742 1159 oi
765 1078 884 1152 Φωκεῖς
911 1076 979 1160 ἐμοὶ
1015 1076 1090 1146 εἴσω
1110 1083 1230 1148 Πυλῶν
1253 1083 1313 1150 αὖ.
1340 1122 1341 1150 ρ

261 1179 319 1248 siv
347 1179 573 1266 παρεδέξαντο,
604 1181 655 1244 καὶ
677 1178 743 1256 Υτδις
769 1177 874 1256 πόλεις
905 1179 964 1258 τὰς
978 1176 1099 1268 ,οὔτῶν
1126 1185 1312 1272 Δκοιρδδοσοκν

263 1285 314 1378 (p.
335 1282 401 1370 45),
424 1280 482 1349 tali
504 1297 700 1372 argumento
721 1279 1102 1354 additDemosthenem
1124 1305 1162 1356 ut
1183 1288 1310 1358 calum·
1341 1332 1342 1402 ρ

261 1389 427 1456 uiatorem
450 1385 528 1465 niti,
556 1383 657 1477 longe
685 1383 751 1454 alia
779 1402 892 1454 autem
912 1388 1060 1472 ratione,
1087 1389 1223 1460 fortuna
1244 1397 1308 1462 sci-

260 1490 341 1560 licet
362 1507 396 1560 et
415 1487 496 1559 belli
518 1485 709 1558 decennalis
731 1489 961 1576 diuturnitate,
983 1491 1170 1564 Phocenses
1191 1497 1308 1592 perdi-
1342 1549 1343 1554 η

261 1613 313 1666 tos
334 1618 414 1664 esse.
628 1662 631 1674 ,
1038 1605 1045 1614 ’

347 1701 466 1795 Itaque
486 1700 670 1768 Aeschines
699 1721 768 1770 non
790 1716 958 1796 repugnat
979 1699 1222 1789 Demostheni3
1243 1705 1306 1774 im·

258 1799 411 1876 movero
433 1805 609 1874 confirmat
630 1828 683 1873 res
705 1829 725 1872 a
746 1805 974 1873 Demosthene
994 1804 1124 1889 relatas,
1147 1807 1242 1901 quod
1263 1808 1306 1878 ad

192 1991 195 2000 ,
257 1907 416 1982 ordinem
444 1909 720 2004 chronologicum
753 1909 880 1978 attinet
936 1909 1179 1980 Demosthenes
1213 1916 1305 1982 enim

255 2033 437 2110 postquam
458 2014 677 2095 Aeschinem,
710 2035 815 2106 quum
844 2014 899 2080 vix
921 2037 963 2082 ex
983 2010 1085 2084 altera
1107 2015 1151 2082 ad
1172 2015 1302 2114 Philip-

255 2144 342 2214 pum
370 2118 536 2210 legatione
565 2117 713 2199 Athenas
740 2115 846 2198 redux
874 2120 973 2188 tertio
1004 2117 1048 2186 ad
1081 2138 1157 2186 eum
1177 2117 1302 2212 legatus

257 2248 278 2291 a
305 2220 433 2319 populo
464 2237 563 2303 esset.
577 2239 726 2304 creatus,
761 2219 950 2290 valetudine
983 2221 1138 2292 simulata
1170 2247 1301 2319 rogasse

254 2347 407 2398 senatum
428 2325 598 2410 retulerat,
621 2343 660 2412 nt
680 2327 731 2395 sui
758 2325 833 2396 loeo
855 2325 993 2396 fratrem
1014 2351 1093 2396 cum
1116 2329 1229 2398 ceteris
1251 2329 1295 2396 ad

252 2457 369 2532 regem
405 2433 533 2528 legaret
567 2440 612 2518 (π.
648 2456 788 2520 παραπρ.
823 2454 858 2524 p.
873 2433 984 2524 x379),
1016 2429 1112 2501 addit
1139 2430 1232 2516 (ibid.
1257 2455 1294 2528 p.

249 2541 346 2626 ·380):
385 2537 502 2632 legatis
531 2536 585 2604 his
615 2535 729 2606 medio
759 2535 898 2619 itinere,
932 2538 1061 2630 quippe
1088 2535 1202 2608 andito
1231 2538 1300 2607 iam

169 2674 178 2686 ³
251 2643 410 2740 Phalaeci
427 2657 537 2735 pacto,
559 2665 623 2732 per
638 2638 731 2733 quod
742 2640 930 2711 Phocenses
946 2640 1072 2735 perditi
1084 2659 1173 2724 sunt,
1194 2642 1300 2712 Athe-

249 2771 311 2818 nas
332 2747 485 2827 reversis,
507 2741 601 2812 illico
622 2743 826 2812 Aeschinem
846 2769 965 2812 sanum
987 2746 1055 2814 iam
1076 2762 1110 2814 et
1120 2744 1218 2817 nulla
1234 2749 1298 2817 sibi

248 2876 270 2922 a
291 2850 422 2946 populo
449 2847 616 2946 legatione
645 2846 845 2918 demandata
872 2845 915 2916 ad
936 2849 1133 2943 Philippum
1159 2874 1196 2919 se
1218 2875 1297 2921 con-

247 2954 372 3040 tulisse,
393 2971 433 3024 ut
453 2955 491 3024 in
512 2952 628 3023 medio
649 2953 891 3022 Thebanorum
912 2971 946 3023 et
956 2953 1182 3024 Macedonum
1204 2979 1294 3024 exer-

247 3063 318 3133 citu
339 3075 544 3155 reportatam
571 3057 615 3127 de
643 3057 874 3128 Phocensihus
899 3059 1073 3128 victoriam
1099 3056 1294 3141 celebraret,

244 3168 485 3264 pravitatisque
514 3188 593 3233 suae
620 3166 771 3258 praemia
797 3163 916 3231 merita
944 3161 1194 3256 adipisceretur.
1237 3162 1297 3233 Ad

243 3273 310 3344 hoc
337 3271 561 3366 opprobrium
590 3269 775 3337 Aeschines
807 3265 991 3362 respondet
1021 3295 1055 3336 π.
1088 3292 1228 3356 παραπρ.
1257 3294 1295 3362 p.

244 3375 290 3468 40
311 3377 342 3446 s:
380 3376 521 3444 Infirma
547 3375 616 3443 iam
640 3371 863 3458 valetudine„
883 3375 945 3455 ait,
975 3393 1143 3456 reuersum
1164 3395 1199 3438 se
1222 3395 1296 3440 esse

243 3503 282 3554 ex
318 3483 435 3578 priore
468 3477 546 3562 illa,
585 3471 667 3546 iuris
696 3475 832 3546 iurandi
863 3499 987 3568 nempe
1015 3473 1167 3570 exigendi
1193 3499 1295 3544 causa

241 3589 343 3658 missa
354 3584 538 3682 legatione,
561 3578 781 3650 nihilominus
804 3600 915 3652 tamen
938 3603 1150 3670 magnacum
1173 3578 1293 3648 alacri-

241 3709 308 3763 tate
335 3716 410 3762 eam
435 3689 657 3760 renunciasse.
703 3686 784 3756 Mox
806 3684 850 3753 ad
876 3683 1139 3778 Amphictyones
1160 3683 1289 3776 legatus

240 3821 347 3895 quntn
383 3814 469 3868 esset
501 3791 681 3885 electum
708 3813 778 3862 non
810 3791 954 3859 eiurasse
977 3785 1198 3892 legationem,
1227 3785 1285 3856 sed

281 4115 308 4206 ”)
330 4111 468 4204 classicis
495 4109 688 4202 πρεσβευτὴς
713 4110 762 4178 ἐπὶ
792 4105 867 4188 τοὺς
888 4102 1124 4197 Ἀμφικτύονος.
1172 4108 1289 4170 Demo-
