2706 4782
700 202 870 356 maru-L

266 427 296 492 8
327 428 391 490 τῶν
426 423 598 488 ἐθελόντων
633 417 832 508 τριηράρχων
863 417 935 486 τότε
971 423 1098 508 πρῶτον
1129 423 1312 506 γενομένων,

292 553 355 596 ων
376 519 460 604 εἷς
439 551 478 610 ην
498 504 592 610 ἐγώ.

703 629 786 684 Olymp.
802 628 844 678 CV,
858 631 876 671 3.

351 735 407 802 De
428 735 493 802 h'oc
520 733 610 814 loco,
641 733 739 800 sicuti
762 732 803 799 de
827 757 881 813 eo,
914 734 972 826 qui
995 732 1095 800 illum
1124 731 1246 820 inor.
1279 733 1315 800 de

267 863 335 908 cor.
364 840 521 906 continuo
554 827 690 930 excipit,
722 837 781 903 ubi
813 860 935 904 novam
964 862 983 903 a
1014 862 1049 904 se
1076 836 1177 904 latam
1205 837 1316 932 legem

265 943 516 1012 trierarchicam
540 941 782 1010 Demosthenes
806 940 980 1024 describit,
1003 941 1118 1008 multis
1142 941 1316 1034 disputan·

266 1047 348 1117 dum
370 1046 465 1128 foret,
488 1049 554 1115 uisi
577 1048 699 1130 omnia,
724 1067 809 1140 quae
822 1046 890 1112 huc
905 1049 1108 1139 pertineant,
1132 1047 1315 1115 ιΒὸοΙιΙιίο

200 1177 203 1186 ’
265 1153 305 1218 in
327 1150 415 1220 libro
439 1149 481 1217 de
504 1135 631 1219 oecon.
666 1153 728 1220 civ.
756 1151 834 1218 Atb.
862 1151 939 1218 Vol.
964 1153 998 1218 11
1035 1149 1116 1217 1ιιι16
1149 1177 1177 1216 a.
1201 1177 1239 1244 p.
1277 1173 1315 1243 79

265 1257 313 1324 ita
336 1272 444 1323 essent
466 1271 643 1349 occupata,
674 1273 712 1322 ut
734 1257 843 1323 omnis
878 1280 915 1320 ea
936 1254 980 1320 de
1009 1278 1047 1322 1e
1070 1257 1218 1348 quaestio
1245 1259 1314 1324 iure

267 1360 418 1428 absoluta
439 1362 507 1427 iam
530 1377 563 1426 et
594 1359 749 1426 exhausta
780 1358 919 1426 dicatur.
965 1354 1181 1450 Inde'igitur
1203 1359 1311 1428 lucem

266 1481 368 1557 petat,
393 1464 453 1556 qui
476 1465 550 1554 quis
573 1463 773 1546 trierarchus
795 1459 914 1544 fuerit,
949 1462 1062 1556 qualia
1092 1465 1164 1530 eius
1196 1466 1312 1546 officia,

268 1581 354 1660 quae
376 1568 587 1634 trierarchiae
605 1591 667 1661 pro
687 1568 895 1659 temporibus
915 1569 1000 1636 ratio
1021 1569 1106 1636 scire
1128 1571 1315 1637 accuratius

253 1674 391 1784 cupiat.
432 1671 595 1740 Nostrum
610 1691 667 1756 est,
685 1690 724 1740 ut
737 1696 775 1738 ea
787 1671 843 1738 bic
856 1673 1068 1764 potissimum
1083 1673 1311 1754 exhibeamus,

267 1803 353 1872 quae
382 1802 422 1844 cx
452 1796 639 1870 temporum
670 1772 866 1846 conditione
895 1775 1047 1857 adrem,
1076 1801 1179 1869 qnam
1204 1777 1314 1846 verbis

199 1872 202 1878 ’
264 1905 345 1950 s..c
359 1883 600 1950 Demosthenes
610 1884 731 1970 tangit,
755 1880 987 1974 explicandam
1000 1880 1187 1974 expediant
1216 1865 1345 1948 Trie-

206 2035 208 2043 ι
264 1987 431 2054 rarchia
421 2003 510 2052 mter
531 1985 707 2078 publica
678 1985 802 2052 civium
818 1986 1075 2052 Atheniensium
1091 2011 1202 2069 onera,
1228 2013 1313 2080 quae

263 2089 493 2181 hand'parvas
527 2091 698 2156 subeuntis
729 2089 904 2182 exigebant
930 2092 1115 2184 impensas,
1147 2091 1312 2160 eiusmodi

265 2193 346 2276 fuit,
383 2194 477 2288 quod
516 2195 641 2289 civitati
670 2195 894 2286 gravissimam
929 2195 1087 2286 offerebat
1122 2195 1309 2277 utilitatem,

266 2299 394 2366 civibus
426 2321 490 2392 pro
518 2298 765 2368 liberalitate
755 2324 792 2365 ιιι
826 2298 1026 2391 praestando
1057 2300 1166 2368 officio
1200 2311 1345 2396 sparsa

263 2403 429 2474 honorem
457 2421 490 2470 et
517 2401 651 2472 laudem
665 2405 861 2472 maximam.
906 2405 958 2471 Ex
980 2429 1048 2498 quo
1079 2422 1240 2498 tempore
1255 2428 1303 2471 res

260 2507 399 2602 publica
420 2509 711 2586 Atheniensium
700 2535 738 2578 ιιι
760 2509 956 2590 meliorem,
981 2535 1067 2602 quae
1089 2497 1213 2576 deinde
1233 2533 1309 2603 per·

261 2617 397 2694 mansit,
419 2614 562 2682 formam
582 2615 718 2680 redacta
739 2633 797 2696 est,
819 2636 1040 2707 peromnem
1066 2614 1232 2708 reliquam
1254 2637 1345 2680 ae-

263 2732 383 2800 tatem,
416 2739 483 2807 qua
506 2715 630 2784 divitiis
648 2719 865 2810 potentiaque
888 2721 1002 2786 civitas
1027 2720 1203 2800 eminebat,
1223 2743 1311 2786 non·

125 2827 130 2836 '
212 2864 213 2868 =
263 2821 342 2888 nisi
353 2819 526 2887 ditissimis
549 2820 676 2890 civibus
699 2844 783 2888 onus
805 2823 871 2890 hoc
884 2824 1128 2916 imponebatur,
1150 2823 1211 2892 tali
1236 2826 1345 2916 qui

265 2923 345 2992 dem
366 2921 478 3005 modo,
503 2941 540 2988 ut
562 2941 727 3017 quotquot
748 2950 867 2995 eorum
892 2925 965 3022 lege
995 2929 1038 2995 ad
1058 2927 1345 3050 suscipiendam

264 3028 496 3112 trierarchiam
530 3028 694 3122 designati
725 3030 880 3113 fuissent,
913 3057 981 3100 una
1014 3035 1165 3126 cuique
1164 3035 1345 3102 triremis

261 3131 458 3202 instruenda
471 3131 685 3228 curandaque
698 3159 762 3228 per
781 3161 930 3203 annuum
943 3139 1088 3232 spatium
1104 3155 1196 3204 esset.
1226 3138 1308 3205 inde

261 3261 341 3307 vero
382 3238 427 3305 ab.
464 3241 619 3306 extremis
653 3238 932 3335 Peloponnesiaci
971 3237 1067 3363 bessii
1090 3245 1310 3334 temporibus,

231 3375 233 3381 ι
264 3367 371 3435 quum
401 3358 434 3410 et
464 3343 603 3437 civitatis
634 3347 748 3436 copiae
781 3347 951 3414 continuis
986 3346 1086 3414 belhs
1118 3347 1310 3430 exhaustae,
1344 3343 1345 3400 i

262 3445 539 3538 singulorumque
563 3470 642 3540 opes
665 3451 818 3518 concisae
840 3468 958 3532 essent,
980 3451 1153 3543 pauciores
1176 3454 1216 3518 in
1239 3454 1311 3520 dies

260 3550 405 3633 fiebunt,
435 3553 495 3642 qui
517 3549 595 3618 solis
617 3553 684 3620 suis
706 3554 833 3658 viribus
861 3571 1044 3624 sustentare
1074 3558 1226 3625 triremes
1255 3583 1312 3626 va·

229 3735 233 3748 ,
260 3652 381 3723 lerant.
426 3654 569 3748 Reliqua
588 3657 696 3748 igitur
713 3669 827 3743 aetate,
850 3661 887 3726 in
901 3661 1021 3753 primis
1036 3660 1308 3741 Demostheniea,

260 3781 313 3833 res
334 3758 450 3854 plnres
472 3763 747 3831 commutationes
777 3783 913 3857 experta
942 3781 1005 3849 est,
1025 3762 1143 3834 ,donec
1174 3765 1307 3832 tandem

259 3862 497 3932 Demosthenis
520 3864 660 3935 consilio
683 3866 820 3962 Olymp.
845 3869 923 3949 CX,
958 3893 969 3935 ι
1005 3885 1073 3937 tota
1095 3871 1310 3938 trierarchiaa
1344 3885 1345 3956 j

259 3968 344 4035 r'atio
373 3966 416 4035 ad
448 3992 586 4038 censum
616 3988 700 4039 esset
720 3972 871 4055 redacta,
902 3997 969 4064 qua
1000 3971 1042 4040 de
1063 3996 1102 4040 re
1124 3973 1212 4040 infra
1237 3999 1309 4066 cap.
1344 4031 1345 4062 p

258 4071 307 4141 lv
329 4096 382 4146 nr·
420 4094 459 4142 to
493 4073 746 4166 disputabimus.
791 4078 945 4146 Primum
966 4077 1057 4144 enim
1079 4070 1156 4170 post
1178 4075 1312 4144 cladem

730 4385 734 4412 1

695 4428 700 4455 1
