2694 4784
494 253 652 400 aa

24 459 25 492 ³
65 463 270 544 igrotafists,
304 461 340 528 δὲ
369 459 608 544 συνεβούλευον,
645 459 733 538 ὅπως
760 443 935 544 ’ἑπομείνος
955 461 1024 547 ’μὲν
1058 488 1095 531 το

65 563 323 654 προσησόμενον
341 563 401 650 τὴν
421 564 590 652 ἀλλοτρίαν
610 564 690 649 ἔχειν
707 561 861 650 ὁμολογῶ,
883 563 929 650 μὴ
950 568 1097 652 προοιμί-

66 695 108 746 οος
127 671 162 736 (ll
180 667 219 736 sl
237 669 357 755 χωρίον
376 667 516 746 ὕποπτος
541 670 678 755 γένωμαι
699 675 746 759 τῷ
766 667 892 754 πλήθει.
918 668 1011 753 γνοὺς
1036 669 1097 755 lyci

66 779 151 840 suisa
170 769 413 862 προυκαλούμην
432 777 581 859 κριῆναι
601 773 671 858 περὶ
692 771 813 838 τούτων
833 769 914 859 πρὸς
933 767 1033 855 ὑμᾶς,
1053 772 1096 873 ‘lta'
1156 821 1160 826 ,
1185 797 1188 802 ·

70 877 153 962 εἶμέν
173 875 234 962 ἐμὴ
255 881 397 966 γνωσθῇ,
419 875 493 964 παρ’
514 874 590 960 istri
611 878 698 966 δοθῇ
724 874 763 942 sb
785 878 904 962 χωρίον
923 871 1012 960 ipis,
1041 875 1097 942 isis

71 978 240 1069 δέὗμετέρο
259 985 376 1069 κριθῇ,
407 978 479 1046 τότε
506 978 617 1046 ἀποδῶ
637 986 683 1071 τῷ
705 979 806 1070 δήμῳ.
834 986 936 1046 ταῦτα
963 982 991 1044 δ’
1020 981 1096 1064 ipo&

67 1083 196 1162 πολλάκις
225 1083 388 1162 &hoines
414 1078 503 1166 ὗμεΐς
528 1083 588 1166 μέν
614 1082 652 1150 οὗ
677 1087 861 1169 προςείχετε.
911 1081 1098 1174 sicigitur

66 1213 156 1280 pum
176 1187 396 1280 pertinaciter
417 1189 660 1279 possessiouem
680 1203 896 1281 reposcerent
909 1185 1097 1253 Athenien·

65 1315 119 1372 ses,
145 1291 342 1384 Peparethii
369 1289 536 1359 Haloneso
568 1291 691 1373 vicini,
722 1292 765 1358 ab
794 1293 841 1358 eis
868 1289 961 1356 hand
991 1289 1095 1357 dubie

63 1371 196 1486 instigati
220 1395 325 1487 captis
346 1381 514 1489 Philippi,
544 1396 605 1488 qui
626 1393 772 1463 insulam
793 1377 984 1475 tuebantur,
1006 1421 1096 1460 mer·
1231 1439 1234 1443 -

61 1499 190 1566 senariis
219 1499 285 1591 ipsi
307 1498 510 1568 Halonesum
537 1515 755 1592 occuparunt
805 1500 909 1566 Cuius
938 1498 1094 1567 facinoris

60 1627 192 1695 poenam
230 1604 596 1774 repetensmPhilippus
626 1628 666 1670 ea
702 1607 834 1672 ratione
868 1603 1094 1697 Peparethum

61 1708 210 1788 tractarit,
233 1731 319 1800 quae
339 1731 398 1776 ver
420 1709 448 1775 is
470 1731 519 1777 or.
542 1707 585 1774 de
607 1729 677 1776 cor.
698 1731 798 1802 supra
816 1705 932 1789 allatis,
955 1709 1096 1800 quibus-

61 1813 229 1905 cumipse
256 1809 431 1906 Philippus
464 1815 559 1905 epist.
587 1812 612 1879 l.
642 1836 672 1882 c.
702 1813 886 1905 conspirat,
915 1809 1094 1880 indicam.

61 1915 124 2000 Quo
150 1915 241 1984 freto
269 1917 457 1984 exacerbati
487 1920 556 1984 iam
581 1915 803 1984 Athenienses
830 1929 932 2009 quem
962 1932 1034 1983 tum
1056 1918 1094 1983 in

61 2018 268 2114 Hellesponto
291 2021 397 2115 copiis
417 2023 487 2088 suis
512 2021 743 2116 praefecerant
771 2021 817 2086 im
844 2035 1024 2102 oratorem,
1056 2039 1096 2088 nt

61 2123 233 2194 vindictam
255 2124 298 2191 de
320 2123 477 2219 Philippo
499 2141 655 2210 sumeret,
676 2123 803 2219 impule
846 2141 895 2191 nt.
939 2125 983 2192 V.
1004 2125 1093 2192 Phil.

62 2230 142 2322 epist
163 2228 188 2296 l.
213 2253 245 2296 c.
290 2228 369 2296 Tali
393 2228 495 2299 modo
517 2254 570 2297 res
598 2232 680 2298 istae
700 2227 794 2298 hand
815 2229 972 2320 exiguum
1000 2253 1097 2296 exar-

63 2327 195 2401 decenti
218 2331 308 2402 bello
330 2351 538 2403 momentum
561 2333 710 2403 attulere.

130 2439 205 2506 Iam
229 2437 322 2532 quod
343 2437 388 2505 ad
417 2455 567 2531 tempora
589 2439 722 2521 attinet,
746 2412 869 2530 qhihus
891 2454 926 2504 et
946 2435 1094 2504 Halone-

68 2561 101 2606 m
124 2559 290 2636 occupata
316 2543 362 2610 sit
390 2566 409 2609 a
433 2542 593 2637 Philippo
623 2559 658 2610 et
682 2542 888 2636 Peparethus
915 2539 1092 2621 devastata,
1112 2533 1115 2540 ’

24 2667 25 2676 ¹
65 2665 98 2725 ta,
116 2671 322 2740 quamquam
338 2668 409 2715 non
426 2646 510 2715 adeo
532 2662 696 2730 accurate,
719 2645 857 2713 deliniri
879 2661 991 2712 tamen
1011 2667 1093 2738 pos·

62 2767 124 2816 sunt
143 2775 185 2818 ex
208 2752 363 2819 oratione
385 2749 428 2818 de
449 2750 627 2832 Haloneso,
649 2752 739 2818 inter
758 2749 995 2818 Demosthenis
1017 2772 1094 2816 ora-

62 2851 149 2922 tiones
170 2871 325 2950 recepta,
347 2871 392 2938 et,
414 2879 516 2950 quam
538 2849 672 2946 saepius
700 2878 803 2948 supra
823 2854 1092 2943 memoravimus,
1146 2935 1151 2952 ἱ

61 2953 194 3052 Phihppi
226 2957 373 3053 epistole.
423 2960 538 3026 Prima
566 2960 690 3026 etenim
720 2957 881 3026 Halonesi
911 2973 1092 3050 occupatae

60 3065 295 3156 praecipuaque
321 3064 450 3131 mentio
485 3065 524 3130 in
555 3087 592 3130 ea
628 3063 668 3129 lit
702 3064 873 3142 oratione,
907 3085 993 3153 quiae
1021 3063 1091 3148 περλ

57 3157 210 3253 {ilariaco
238 3167 380 3234 inscribi
402 3165 494 3235 solet
538 3169 623 3234 Eam
645 3183 757 3232 autem
779 3163 919 3258 Olymp.
944 3163 1040 3247 ClX,
1069 3187 1089 3230 a

60 3264 193 3338 habitam
216 3293 287 3338 csse
309 3271 449 3362 Dionys.
472 3269 671 3336 llal.·relcrt
697 3271 736 3336 in
766 3289 819 3361 ep.
850 3266 894 3334 ad
925 3269 1037 3335 Amm.
1059 3270 1091 3359 ς.

63 3391 101 3438 to.
141 3375 242 3443 Brevi
263 3391 414 3468 tempore
442 3392 519 3442 ante
542 3399 644 3470 quam
666 3373 771 3441 oratio
793 3371 877 3439 haec
897 3372 1011 3440 habits
1031 3387 1091 3454 est,

61 3475 139 3544 missi
171 3477 217 3544 ad
248 3479 449 3573 Philippum
481 3479 581 3572 legati
612 3479 654 3545 ab
686 3477 950 3545 Atheniensibus
984 3494 1091 3558 erant,

62 3581 111 3669 qui
129 3600 265 3674 praeter
285 3581 349 3650 alia
369 3581 553 3677 postulasse
567 3581 604 3648 id
615 3605 783 3675 quoquea
798 3580 958 3673 Philippo
973 3578 1091 3646 viden-

24 3771 25 3776 *
62 3696 119 3764 tur,
138 3703 178 3752 ut
198 3685 345 3754 insulam
365 3686 470 3766 hanc,
499 3687 625 3753 inimic
653 3686 846 3778 abreptam,
876 3684 1091 3752 Atheniensi-

24 3779 25 3824 *
60 3782 110 3854 bus
129 3787 287 3858 redderet
307 3787 365 3880 (de
377 3789 499 3858 Halon.
520 3815 556 3883 p.
576 3792 644 3882 77).
689 3788 869 3883 Philippus
890 3810 1092 3879 responsum

61 3882 159 3980 legatis
191 3891 324 3976 datum,
357 3893 482 3963 donare
510 3919 547 3962 se
582 3894 845 3968 Atheniensibus
884 3889 1091 3960 Halonesum

61 3993 142 4077 velle,
163 4020 228 4091 per
239 4000 357 4066 missos
368 3998 516 4067 Athenas
535 4023 612 4066 cum
630 3997 768 4091 epistola
784 3997 921 4088 legatos,
942 3997 1091 4091 repetiit,

24 4123 26 4214 h
62 4095 234 4172 sinautem
254 4120 292 4172 ut
312 4127 407 4174 suam
423 4119 649 4198 reposcerent,
673 4119 711 4172 ut
726 4105 798 4169 iure
816 4119 1089 4194 agerentseoum‚

712 4214 737 4284 9
