2706 4782
459 340 462 354 .
501 265 654 374 nt...

62 446 85 514 5·
112 467 146 536 P·
168 440 246 530 ²47·
275 437 381 527 “th
408 439 436 505 δ’
464 435 564 510 ultis
586 435 644 506 τὸν
676 436 850 522 Φίλιππον,
885 435 966 525 πρὸς
993 435 1031 505 ὃν
1057 432 1099 525 ἦ,

94 541 209 634 ἦμῒνὸ
233 541 329 630 ἀγών,
363 538 441 631 ὑπὲρ
463 541 564 630 ἀρχῆς
584 543 635 608 sel
657 543 840 622 δυναστείας
860 539 927 610 τὸν
947 539 1098 631 indat.

95 676 165 738 μου
185 647 478 734 ἔκκεοίομμίοον.

482 749 666 806 mmm-t·

133 853 268 924 Bellum
296 853 469 921 Phoceuss
497 850 580 940 dum
607 875 672 946 per
701 853 879 921 Graeciam
908 875 1096 924 commove·

66 963 152 1043 hatur,
174 957 357 1052 Philippus
378 955 537 1026 Potidaea
559 975 748 1052 expugnata
773 957 996 1052 gentibusque
1018 959 1096 1027 har·
1207 1009 1209 1014 -

64 1066 146 1146 baris,
168 1088 259 1156 quae
280 1059 490 1144 rebellarant,
512 1059 712 1144 Thracibus,
732 1062 930 1144 Paeonibus,
953 1062 1114 1157 Illyriis'
1192 1129 1194 1135 .

63 1169 115 1260 qua
134 1165 303 1261 depressis
331 1165 429 1236 etad
456 1189 575 1258 pacem
600 1165 761 1234 tuendam
790 1168 913 1236 coactis
935 1166 1093 1258 (Diodor.

64 1273 140 1356 XVI,
161 1280 228 1358 aa),
252 1287 432 1365 postquam
451 1267 626 1365 Philippos
649 1292 785 1364 quoque
798 1268 995 1342 condiderat
1015 1270 1093 1372 loco

63 1375 245 1445 aurifodinis
267 1399 432 1469 perquam
454 1373 658 1458 abundante,
680 1376 736 1443 cui
758 1375 840 1444 olim
855 1375 1016 1444 Crenides
1030 1401 1093 1446 no-

64 1505 126 1546 nan
146 1497 216 1548 erat
237 1478 357 1566 (Diod.
382 1479 477 1562 XVI,
500 1481 547 1569 8),
569 1477 719 1548 consiliis
733 1479 800 1546 iam
815 1478 858 1547 ad
880 1480 998 1550 altiora
1020 1505 1093 1550 erc-

66 1585 109 1651 ctis
128 1585 226 1652 urbes
250 1583 288 1652 in
310 1573 565 1677 septentrionali
585 1585 686 1652 maris
717 1583 823 1678 Aegei
853 1609 911 1653 ora
932 1584 1092 1654 Macedo-

67 1692 123 1756 niae
151 1691 279 1758 vicinas
308 1685 462 1780 redigere
491 1688 529 1755 in
562 1687 727 1756 ditionem
761 1712 854 1756 suam
889 1708 1091 1784 susceperat.

71 1792 156 1860 luins
184 1811 266 1888 post
297 1785 539 1886 Amphipolin,
567 1791 740 1886 Pydnam,
773 1791 969 1862 Potidaeam
1004 1796 1091 1862 Me·
1125 1833 1128 1846 ν

72 1895 165 1966 thone
194 1891 389 1981 succubuit,
427 1897 508 1965 urhs
544 1895 589 1964 ad
623 1913 808 1965 extremum
841 1899 953 1966 sinum
980 1899 1091 1966 Ther-
1161 1971 1165 1980 ,

68 2023 175 2070 nasum
207 2005 342 2085 iacens,
381 2001 670 2095 Macedoniaeque
701 2001 855 2074 finitima.
912 2002 1091 2072 Exarserat

68 2103 127 2173 inde
148 2108 187 2174 ah
218 2105 360 2200 Olymp.
392 2107 470 2190 GV,
501 2106 675 2177 3hellum
700 2104 851 2200 Philippi
879 2131 957 2179 cum
983 2107 1090 2176 Athe-

67 2209 221 2282 uieusihus.
270 2211 480 2303 Methonaei,
508 2212 569 2305 qni
595 2209 870 2306 Peloponnesiaci
898 2210 983 2280 helli
1004 2229 1090 2281 teru-

25 2308 28 2380 ι’
64 2316 175 2402 poribus
194 2318 242 2384 ab
264 2317 525 2386 Atheniensium
544 2333 641 2412 parte
661 2316 859 2411 pugnabant
880 2317 1001 2404 (Thus.
1026 2317 1087 2398 IV,

69 2437 122 2506 1²9,
136 2421 189 2504 Vl,
213 2427 264 2515 7),
285 2424 324 2490 in
344 2421 407 2490 hac
429 2445 566 2515 quoquc
588 2423 839 2514 opportunitate
865 2443 983 2490 eorum
1005 2423 1088 2491 socii

25 2613 26 2620 ἵ
70 2516 145 2590 luisse
160 2528 329 2596 videntur.
372 2525 429 2596 Ad
443 2525 665 2594 Athenienses
683 2525 777 2602 ,enim
797 2521 889 2591 haud
910 2523 1012 2592 dachic
1033 2550 1089 2592 re-
1156 2517 1159 2530 ’

25 2655 26 2663 1
66 2620 171 2697 serenda
191 2649 278 2700 sunt
297 2630 443 2700 Diodori
464 2631 500 2700 S.
522 2629 623 2699 verba
644 2629 745 2697 haec:
776 2631 933 2708 Φίλιππος
954 2631 980 2698 δ’
1002 2626 1087 2719 ὁρῶν

64 2727 344 2816 talchamenes
364 2733 557 2827 ὁρμητήριον
576 2735 808 2824 παρεχομένους
828 2733 889 2822 τὴν
908 2733 999 2802 πόλιν
1019 2745 1087 2814 τοῖς

63 2839 192 2920 πολεμίοις
216 2841 352 2926 ἑαυτοῦ,
383 2841 565 2929 πολιορκίαν
599 2837 809 2926 συνεστήσατο
814 2889 825 2922 ,
863 2839 980 2926 (XVI,
1018 2838 1085 2925 34).

64 2932 196 3012 Obsessos
234 2946 342 3039 igitur
377 2969 416 3014 ea
450 2946 493 3014 de
529 2969 627 3013 causa
655 2942 872 3012 Methonaeos
904 2941 1084 3035 Philippus

24 3134 25 3142 ἵ
63 3052 236 3136 expugnavit
259 3051 434 3144 excisaque
455 3067 528 3119 tum
549 3049 644 3130 urbe,
666 3071 785 3140 agrum
811 3048 902 3116 inter
924 3045 1085 3116 Maccdo-
1177 3083 1179 3088 ·

24 3185 26 3252 ᾖ
61 3162 104 3210 1¹0⁸
129 3147 317 3247 dispertitus
347 3173 404 3224 est.
458 3155 499 3222 In
529 3153 594 3222 hac
620 3176 699 3222 vero
727 3153 977 3246 oppugnatione
1011 3173 1083 3222 sors

62 3245 137 3334 tulit,
167 3276 205 3327 ut
225 3259 288 3328 teli
309 3261 399 3328 iactu
420 3258 563 3330 alterum
583 3281 759 3352 percussus
789 3255 925 3344 oculum
952 3280 1013 3324 rex
1043 3280 1084 3326 ea

24 3415 26 3460 t
61 3369 133 3438 parta
152 3363 262 3431 visum
283 3366 458 3434 amitteret.
504 3361 606 3434 Diod.
628 3362 653 3430 l.
676 3387 705 3431 c.
727 3362 844 3454 ibique
859 3359 1002 3433 Wessel.
1024 3362 1082 3432 cui

24 3483 26 3546 μ
63 3455 125 3526 adda
145 3465 307 3562 Harpocr.
329 3495 360 3538 v.
381 3465 540 3556 Μεθώνη.
586 3467 703 3538 lustin.
726 3465 750 3534 l.
772 3466 905 3549 V113‘6.

24 3619 25 3648 ,
124 3565 334 3642 Mathonem
358 3568 580 3669 eipugnatam
616 3571 745 3643 duobus
789 3569 871 3640 locis
908 3567 1081 3642 Diodorus

24 3669 25 3680 ¹
64 3662 154 3748 “illlis
191 3679 508 3774 eorumque·altero
535 3678 650 3770 (XVI,
683 3677 742 3764 31)
768 3700 841 3744 rem
871 3677 909 3748 in
940 3675 1080 3770 Olymp.

62 3759 118 3836 tu
139 3799 166 3842 a.
197 3781 217 3850 s
247 3785 388 3867 confers,
420 3779 965 3876 utero(xv1,34)in01ymp.
989 3780 1079 3862 cvl,
1197 3767 1204 3782 ’

61 3862 81 3946 l·
122 3877 251 3954 Etenim
285 3887 466 3984 Philippus
507 3888 662 3959 obsidere
701 3885 917 3954 Methonaeos
950 3886 1081 3979 incepit

59 3987 115 4040 aare
129 3983 263 4084 Olymp,
288 3992 377 4076 CVI,
399 3995 438 4078 33
460 3993 520 4062 aad
542 4017 605 4089 per
626 3987 767 4086 aliquod
789 4009 919 4084 tempus
939 3989 1084 4068 tolerata,
1206 3994 1209 3998 ’

61 4070 148 4150 abiis
174 4091 346 4167 obsidione
375 4096 534 4189 (Diodor.
566 4097 667 4182 xv1,
706 4094 765 4185 34)
793 4095 913 4166 urbem
941 4092 1079 4194 tandem

25 4205 30 4281 K
1144 4231 1146 4236 .

28 4283 31 4326 1

28 4328 29 4351 t
