2694 4784
530 307 575 380 bb

56 479 268 569 ooppuxlasdi
287 478 487 550 ἄπυστέλλιιν
506 478 671 548 ἀντεῖπον·
716 479 966 576 Thebanosque
988 485 1076 556 solos

57 579 220 677 etArgiv'os
242 585 369 652 misisse
389 585 462 680 regi
475 583 624 652 subsidia
646 583 757 652 tradit.
803 583 872 652 Sed
888 587 983 656 aliud
1004 589 1078 656 hel-

57 693 112 756 lum
131 713 203 756 cum
224 689 398 782 Aegyptiis
421 705 509 769 erat,
540 685 603 754 alia
626 688 733 782 Cypri
760 687 917 772 desectio,
949 693 987 759 in
1010 718 1077 786 qua

59 789 256 886 opprimenda
269 793 643 884 Atheniensesquoque
666 794 778 884 copias
800 791 954 878 adfuisse,
976 799 1076 864 uber-

62 899 138 964 rimus
159 897 249 963 testis
271 895 380 962 afferri
406 898 479 988 ipse
500 895 653 963 Phocion
678 913 807 990 posset,
835 897 901 964 uisi
924 901 999 992 quis
1022 903 1076 968 ni.

63 1001 108 1066 nia
127 999 288 1094 religione
318 999 437 1067 duetus
466 1017 671 1083 occurreret,
700 1001 876 1068 invitatum
905 1027 924 1070 a
952 1005 1073 1088 Persis,

61 1103 129 1197 quod
147 1129 224 1172 sane
245 1093 350 1171 aetate
370 1103 433 1170 hac
455 1103 584 1195 saepius
607 1103 682 1172 fieri
704 1102 844 1186 solebat,
870 1103 1075 1176 Phocionem

60 1207 146 1275 dicens
172 1205 393 1300 expeditionis
418 1204 509 1274 illius
532 1206 734 1276 Salaminiae
761 1209 943 1302 imperium
963 1233 1075 1279 susce-

58 1315 132 1404 pisse.
173 1311 274 1380 Certe
295 1329 406 1378 tamen
427 1309 560 1376 nullum
581 1330 815 1404 argumentum
834 1313 976 1405 reperiri
999 1332 1074 1408 pot-

59 1434 102 1498 est,
121 1416 207 1510 quod
228 1416 274 1483 ad
293 1411 481 1507 negandam
502 1415 699 1508 opinionem
727 1415 866 1484 delatis
897 1417 938 1484 ab
968 1419 1074 1486 Athe-

59 1522 203 1588 niensibus
232 1522 270 1586 in
301 1516 523 1614 expugnanda
554 1518 723 1586 Salamine
758 1519 890 1588 auxiliis
912 1519 1073 1613 idoneum

60 1625 94 1690 sit
130 1624 193 1694 Sed
214 1626 401 1718 quominus
423 1621 549 1690 decreti
578 1624 686 1691 nostri
713 1622 960 1716 expeditionem
982 1623 1074 1692 Sala·

61 1729 170 1796 niniam
190 1753 271 1797 eum
292 1725 351 1796 illa
372 1727 597 1808 conferamus,
627 1727 756 1796 obstare
780 1727 1001 1795 Charidemus
1022 1730 1073 1796 vi·

65 1829 147 1915 laur,
180 1849 284 1928 quem
315 1831 434 1900 eodem
468 1850 637 1924 tempore,
669 1830 808 1924 Olymp.
841 1831 956 1912 CVII,
980 1855 1011 1914 a,
1033 1833 1072 1898 in

63 1934 601 2006 ChersonesumabAtheniensibus
623 1937 762 2002 missum
784 1958 864 2017 esse,
886 1959 987 2030 supra
1007 1953 1073 2002 sta·
1097 1941 1104 1954 '

61 2043 156 2109 tuinns
176 2067 215 2110 ex
238 2040 414 2110 Demostb.
438 2063 485 2112 or.
510 2038 652 2132 Olynth.
677 2040 736 2121 III,
759 2063 793 2132 p.
816 2061 869 2130 ²9·
913 2039 959 2106 At
982 2039 1072 2106 Cha·

61 2141 153 2213 1ideni
180 2145 247 2214 duo
278 2161 389 2226 erant,
425 2162 463 2211 ut
492 2168 592 2238 supra
621 2144 813 2224 docuimus,
850 2143 947 2214 Orita
976 2141 1071 2224 alter,

29 2239 30 2324 l
63 2243 124 2312 alter
140 2250 365 2334 Atheniensis3
393 2249 455 2315 hie.
473 2247 599 2316 decreti
621 2249 727 2317 nostri
751 2245 987 2327 Charidemus,
1013 2243 1071 2312 ille

64 2365 88 2414 ct
109 2351 166 2442 ipsc
200 2355 281 2424 civis
314 2353 526 2420 Atheniensis
556 2350 636 2420 inde
665 2353 706 2420 ab
741 2351 880 2444 Olymp.
914 2350 1010 2434 CVI,
1032 2348 1072 2436 4

67 2451 233 2550 (usupra),
266 2475 308 2539 ct,
338 2461 367 2524 si
390 2458 599 2524 coniecturae
625 2455 720 2524 Iocus
743 2454 857 2536 detur,
890 2473 968 2547 post
998 2476 1072 2520 ora·

69 2555 160 2628 tionem
177 2565 212 2630 in
227 2564 400 2643 Aristocr,
424 2561 482 2629 Ol.
498 2559 605 2642 CVII,
632 2583 659 2641 t,
681 2560 720 2626 in
732 2559 942 2652 Hellesponti
962 2558 1072 2650 regio·

64 2659 135 2730 nibus
154 2663 212 2734 dur
236 2671 277 2734 ab
294 2665 553 2734 Atheniensibus
576 2667 784 2734 constitutus.
830 2663 925 2732 Idem
947 2664 1071 2731 etenim

62 2761 111 2830 iam
128 2767 229 2863 aliquo
253 2787 405 2861 tempore
427 2787 523 2837 antea
545 2768 797 2838 'commendatus
810 2767 1071 2837 Atheniensibus

61 2865 92 2930 td
108 2871 274 2965 imperium
296 2898 366 2942 esse
387 2873 508 2955 fertur,
538 2891 576 2941 ut
598 2877 660 2968 qui
681 2874 769 2945 solus
797 2883 910 2968 posset
928 2871 1072 2964 Amphi-

59 2969 132 3056 polin
144 3002 352 3074 recuperare,
374 3003 422 3048 or.
453 2981 497 3046 in'
520 2981 680 3048 Aristocr.
714 3005 748 3072 p.
777 2979 853 3047 625.
904 2977 936 3070 Is
970 2976 1072 3067 igitur

59 3071 84 3138 in
112 3077 345 3154 Chersonesum
365 3086 484 3152 missus
499 3101 669 3164 statuatur,
691 3107 826 3150 necesse
848 3099 906 3164 est,
931 3069 1069 3171 Olymp.

28 3181 30 3256 l
60 3173 145 3266 CVII,
172 3212 207 3270 s,
231 3213 298 3283 quo
331 3206 481 3280 tempore
510 3187 730 3254 Charidemus
761 3185 849 3254 teat
875 3191 938 3252 τῶν
967 3183 1071 3250 ὅπλων

58 3277 88 3346 ad
106 3293 348 3384 expugnandam
371 3291 667 3360 Salamina.Persis
691 3289 810 3357 auxilia
833 3287 954 3356 tulerit.

122 3395 207 3477 Quae
229 3399 334 3491 igitur
356 3414 422 3466 tota
443 3397 507 3464 hac
529 3397 753 3490 disputatione
776 3394 987 3486 investigasse
1010 3416 1072 3460 no·

60 3483 92 3554 lit
108 3497 262 3582 videmur,
284 3500 365 3568 haec
388 3521 481 3568 sunt:
504 3500 674 3577 Nausieles
695 3498 833 3591 Olymp.
856 3495 948 3566 haud
970 3493 1070 3562 dubie

63 3588 123 3679 CII,
143 3602 163 3688 4
183 3605 220 3671 in
235 3605 386 3672 Imbrum
402 3604 527 3708 legatus
550 3606 599 3672 ibi
621 3605 665 3670 de
687 3629 724 3670 re
736 3591 875 3698 publica
887 3600 1071 3670 Athenien·
1200 3625 1203 3641 ·

61 3693 123 3768 ⁸fflm
149 3731 185 3774 ea
209 3712 338 3777 ratIone
365 3713 503 3776 meritus
533 3727 596 3791 est,
632 3734 734 3800 quam
763 3706 892 3775 Calliae
921 3705 1072 3797 primum

59 3793 205 3878 decretum
234 3812 411 3898 describit,
443 3813 580 3906 Olymp.
605 3812 716 3892 CVII,
745 3835 764 3878 a
789 3809 1026 3878 Charidemus'
1040 3825 1073 3874 ct

58 3897 198 3981 Illotimus
230 3918 270 3984 in·
303 3919 409 4010 Cypri
426 3919 563 3984 -urbem
599 3915 769 3982 SalsmIna
802 3915 911 3981 Persis
947 3895 1072 3980 auxilio

57 4008 129 4078 nissi
156 4037 289 4118 accepia
314 4021 350 4089 in
385 4045 498 4115 pugna
530 4017 573 4086 ad
602 4021 741 4086 fluvium
772 4017 894 4086 damna
924 4015 1072 4112 propriis

60 4105 193 4203 impensis
212 4125 437 4196 restituerunt.
483 4123 732 4208 Quamobrem
747 4121 807 4192 ille
822 4139 922 4216 atque
935 4120 974 4189 hi
988 4118 1076 4188 utri·

701 4229 724 4300 ὃ
