2708 4768
536 235 692 338 *317-
726 271 729 282 .

81 397 327 481 Athenienses,
348 422 467 493 pacem
487 422 689 494 componere
711 402 869 485 voluisse,
897 421 931 472 et
953 405 996 472 de
1017 407 1142 498 legatis,

81 526 172 596 eam
192 503 236 572 ob
265 527 398 572 causam
419 501 590 574 mittendis
620 507 794 628 cogitasse,
829 507 952 600 quibus
980 501 1142 604 Philippi?

81 587 248 676 consiliis
268 631 332 674 nec
354 631 423 676 non
444 610 650 680 imminentis
671 600 815 702 periculi
836 628 929 678 metu
951 633 1133 682 commotos

80 711 266 802 principes
288 713 528 780 Thebanorum
549 715 756 806 magistratus
780 731 813 784 et
841 716 930 806 ipsos
953 714 995 783 ad
1015 742 1134 808 pacem

82 811 287 896 declinasse,
310 833 343 884 et
363 815 513 884 subsidia
522 815 788 900 Atheniensium,
812 843 896 910 quae
915 841 1042 941 egressa
1064 823 1132 888 iam

81 936 212 1000 essent,
235 918 279 986 ad
296 943 330 986 ιι
347 919 580 1014 recipiendum
594 922 748 1012 coegisse,
773 939 812 988 ut
828 924 893 1013 ipsi
917 924 1017 989 etiam
1029 925 1134 992 Athe

81 1023 224 1090 nienses
238 1022 280 1090 de
292 1049 373 1118 pace
389 1023 623 1092 deliberarent
657 1025 704 1092 At
715 1026 796 1093 haec
807 1026 1047 1094 Thebanorum
1060 1054 1131 1096 ma-

83 1126 291 1218 gistratuum
305 1127 442 1196 consilia
458 1117 584 1196 retudit
604 1129 855 1214 Demosthenes,
879 1129 1058 1198 decernere
1071 1157 1132 1225 po-
1164 1151 1165 1154 ’

83 1230 214 1322 pulum
225 1232 355 1314 iubens,
368 1251 406 1300 ut
415 1255 567 1326 qmsquts
577 1234 669 1324 pacis
681 1233 798 1303 fecerit
814 1235 1028 1316 mentionem,
1050 1237 1078 1301 is
1093 1237 1132 1302 in
1152 1273 1155 1278 v

83 1333 227 1402 vincula
241 1334 471 1434 abduceretur,
496 1338 605 1420 Quam
617 1337 660 1404 oh
671 1361 744 1402 rem
756 1337 985 1419 Boeotarchae,
1000 1362 1043 1404 ne
1054 1362 1132 1458 pro-

87 1437 218 1506 ditores
233 1439 391 1508 Graeciae
408 1439 609 1522 viderentur,
633 1443 805 1509 continuo
813 1466 832 1506 a
854 1466 936 1534 paee
958 1439 999 1508 ad
1026 1443 1133 1516 aciem

86 1541 322 1610 instruendam
340 1544 549 1612 convertisse.
594 1544 713 1610 Aesch.
727 1543 749 1610 l.
763 1569 791 1610 c.
785 1571 840 1648 .p.
857 1547 962 1634 751n
1005 1544 1129 1612 Eadem

83 1670 132 1714 ex
143 1664 240 1739 parte
254 1647 356 1714 refert
378 1644 496 1713 Plut.
486 1672 524 1714 ιιι
545 1647 644 1713 Βιιιι.
668 1672 694 1713 ι.
722 1651 771 1716 18.
817 1631 917 1715 Phoc.
946 1649 995 1716 ι6.

179 1750 269 1817 Ηιιι
292 1770 403 1817 autem
425 1749 505 1818 dum
527 1751 718 1842 agebantur,
740 1750 917 1844 Philippus
938 1752 1053 1820 Elatea
1074 1776 1131 1819 oc·

88 1873 212 1947 cupata
233 1879 313 1922 cum
334 1855 480 1947 quadam
514 1859 671 1923 exercitus
700 1871 795 1946 palte
826 1857 986 1923 continuo
1017 1879 1129 1924 versus

87 1957 305 2052 Amphissam
341 1959 541 2050 processisse
576 1959 714 2027 videtur.
773 1960 909 2028 Etenim
947 1954 1129 2026 Aeschines

87 2060 127 2151 (l.
151 2086 180 2129 c.
202 2088 236 2155 p.
261 2069 313 2154 74.
334 2055 439 2153 nied.)
468 2053 704 2184 Philippum
694 2088 732 2128 ιιι
754 2087 806 2143 ιι,
839 2087 925 2156 quae
952 2080 1023 2131 tum
1045 2081 1129 2130 tem-

87 2167 183 2258 poris
206 2182 423 2247 erat,re1um
445 2169 693 2259 opportunitate
714 2166 802 2233 nihil
824 2165 1024 2236 ardentius
1014 2192 1050 2235 m
1072 2190 1128 2235 vo-

89 2271 133 2337 tis
155 2270 309 2338 hahuisse
332 2268 432 2351 dicit,
463 2295 564 2362 quam
594 2289 632 2338 ut
659 2273 837 2362 separatim
863 2270 1016 2338 adversus
1046 2271 1128 2349 Am,-

88 2374 293 2466 phissenses,
325 2376 505 2466 separatim
532 2363 685 2468 adversus
715 2375 936 2470 Athenienses
965 2373 1126 2442 dimicare

88 2497 209 2582 posset.
255 2479 389 2562 Quibus
406 2477 488 2546 votis
511 2473 661 2568 Philippi
692 2479 824 2572 egregie
853 2476 1037 2572 adspiresse
1059 2479 1126 2546 De-

89 2576 296 2658 mosthenem
327 2584 391 2664 ait,
422 2605 528 2675 quum
553 2578 670 2646 decem
698 2583 983 2650 mercenariorum
1008 2580 1124 2664 millia,

87 2687 207 2756 Atticis
218 2685 381 2754 conducta
392 2685 554 2778 pecuniis,
566 2685 857 2778 Amphissensihus
869 2685 1016 2755 elocarit
1061 2687 1121 2754 His

91 2791 179 2880 enim
200 2789 419 2882 pessumdatis
442 2788 669 2856 audentiorem
690 2787 787 2856 illum
805 2789 938 2872 factum,
960 2789 1138 2881 reipublis.
1175 2851 1176 2854 ,
1224 2841 1226 2844 .

92 2919 148 2962 cae
168 2919 244 2962 vero
267 2894 413 2962 subsidia
435 2895 577 2980 graviter
605 2893 735 2960 subcisa
762 2893 944 2962 contendit
989 2894 1124 2960 ct-Di-
1274 2972 1275 2975 Ἴ

54 3075 57 3080 ,
90 2998 202 3066 narch.
231 3001 268 3065 in
294 2998 468 3067 'Demosth
495 3023 530 3090 p.
555 2999 606 3065 52.
651 2996 691 3064 Id
717 2997 841 3064 lictum
866 2998 1047 3065 Aeschines
1069 3001 1123 3064 in-
1194 3016 1224 3082 ,ζ

91 3120 141 3170 ιιι
167 3127 206 3170 ea
234 3120 364 3182 narrat,
397 3127 481 3220 quae
509 3103 669 3169 continuo
691 3115 768 3192 post
796 3099 910 3168 foedus
933 3125 1009 3168 cum
1030 3099 1122 3171 The-
1220 3097 1237 3124 'l

89 3207 214 3274 banis
204 3225 309 3274 sctum
336 3223 425 3297 gesta
452 3205 528 3271 sint.
577 3202 677 3270 Unde
704 3203 876 3272 manifesto
899 3205 1022 3296 liquet,
1050 3206 1123 3274 hel-

90 3310 159 3378 lum
179 3309 329 3403 Philippi
351 3333 426 3380 cum
448 3307 771 3402 Amphissensihus
764 3298 807 3374 ad
826 3307 1123 3400 Scirophorionem

92 3417 224 3482 demum
250 3431 424 3482 exeuntem
457 3410 591 3504 Olymp
623 3412 703 3494 CX,
741 3437 760 3478 2
789 3409 1004 3500 referendum
1034 3438 1120 3499 esse3

91 3519 127 3586 id
148 3517 238 3612 quod
259 3535 390 3611 praeter
412 3542 460 3599 ea,
483 3541 569 3608 quae
591 3541 693 3608 supra
706 3507 773 3584 iarn¹
795 3513 912 3584 eadem
935 3516 977 3583 de
998 3541 1036 3582 re
1057 3535 1121 3584 sta-

92 3626 223 3703 tuimus,
245 3621 319 3688 aliis
341 3644 477 3714 quoque
499 3623 700 3712 argumentis
716 3621 941 3698 confirmatur.
986 3621 1120 3689 Etenim
1197 3645 1198 3648 ’

91 3727 276 3795 Dinarchus
306 3725 344 3812 (l.
373 3733 417 3810 c.)
446 3725 731 3792 mercenariorum
766 3723 904 3794 illorum
938 3722 1056 3790 ducem
1089 3741 1123 3792 et

91 3829 293 3923 proditorem
325 3829 450 3897 factum
486 3826 571 3895 dicit
609 3831 801 3916 Proxenum
828 3851 932 3909 esse„
961 3829 1122 3896 nimirum
1187 3861 1191 3872 s
1259 3849 1261 3856 ⁴

92 3935 325 4012 Atheniensem
344 3931 446 4016 illurn¹
461 3933 707 4025 imperatorem,
729 3956 766 3998 ex
778 3933 987 4025 superiorum
1008 3957 1122 4000 rerum

95 4039 298 4108 enarratione
326 4038 402 4118 satis
432 4054 551 4112 notum
580 4043 620 4120 (v.
648 4045 746 4128 supra
769 4061 840 4128 cap.
863 4035 912 4104 111
919 4087 929 4120 ,
960 4062 1012 4105 nr.
1039 4062 1050 4104 ι
1056 4087 1067 4121 ,
1088 4061 1122 4119 a,
