2750 4772
561 273 718 383 Q

111 465 219 537 quarn
250 433 338 548 erga¹
356 443 502 512 Graecos
540 467 655 513 omnes
697 461 730 512 et
765 443 931 538 populum
974 445 1162 516 Athenien·

111 571 188 615 sem
209 550 303 616 omni
331 566 482 638 tempore
504 549 552 639 (ἓν
570 551 663 616 παντὶ
684 553 796 641 καιρῷ)
818 550 953 630 habeat,
976 568 1010 616 et
1029 552 1161 644 agendo

111 651 328 744 dicendoque
365 648 556 719 constanter
595 669 758 746 praestet,
803 655 898 720 cuius
933 675 1009 720 cum
1047 658 1161 724 omnia

108 758 215 824 verba
246 756 288 823 ad
319 756 552 824 Demosthenis
581 782 634 824 res
662 759 888 825 recentissime
922 776 1025 849 gestas
1053 761 1159 850 perti-

109 879 233 943 neant,
270 878 343 926 tum
370 863 510 927 maxime
545 860 631 928 illud
660 865 692 928 ἓν
718 865 809 930 παντὶ
841 867 938 952 καιρῷ
968 865 1158 954 recentissif

108 991 204 1038 mam
238 967 288 1031 rei
325 965 481 1056 publicae
527 965 746 1034 calamitatem
784 965 911 1032 nedum
946 986 1155 1057 praesentem

108 1069 223 1135 adhuc
253 1069 402 1135 indicare
429 1067 569 1136 videtur.
603 1072 715 1154 'Quae
737 1072 850 1137 omnia
872 1068 1050 1151 ita'fuisse,
1074 1095 1156 1139 con·
1240 1071 1242 1076 ’

108 1173 253 1240 firmabo
276 1175 342 1239 iam
372 1197 440 1240 uno
463 1172 572 1239 adhuc
595 1192 788 1266 argumento
812 1191 845 1241 et
867 1197 922 1253 eo,
954 1175 1050 1265 quod,
1067 1175 1154 1242 mihi

106 1281 263 1344 omnium
284 1279 353 1342 sere
376 1276 507 1343 videtur
529 1273 767 1344 firmissimum.
787 1275 789 1280 ’
813 1278 1054 1346 Demosthenes
1075 1278 1098 1346 l.
1121 1305 1151 1368 e.

108 1385 160 1474 (p.
185 1384 263 1471 310)
293 1382 545 1474 Ctesiphontem
572 1382 624 1448 nil
655 1380 748 1469 aliud
778 1381 821 1448 de
842 1406 876 1447 se
900 1380 1048 1449 decresse
1071 1408 1153 1451 con-

106 1485 235 1568 tendit,
265 1511 366 1580 quam
395 1485 488 1578 quod
510 1484 689 1552 decernere
711 1511 787 1552 eum
810 1486 942 1552 iusserit
962 1487 1084 1607 populi
1107 1488 1152 1556 de

107 1615 143 1658 se
178 1607 331 1659 constans
363 1592 460 1656 etiam
488 1607 564 1682 post
593 1589 723 1655 cladem
750 1589 949 1670 iudicium,
962 1593 1057 1658 cuius
1080 1594 1152 1658 sin-

108 1695 186 1788 gula
216 1694 368 1786 exempla
397 1692 558 1761 attulerat
588 1695 697 1763 Inter
726 1693 808 1760 haec
844 1716 921 1761 vero
947 1697 1149 1816 primarium
1255 1737 1257 1749 ν

14 1791 15 1796 ’
104 1796 191 1863 illud
222 1798 334 1866 deesse
363 1799 479 1864 mirari
508 1797 611 1878 subit,
643 1796 734 1886 quod
761 1799 823 1864 sihi
845 1796 1082 1864 demandatum
1103 1801 1149 1866 sit
1189 1837 1190 1844 ι

107 1904 231 1969 occisos
269 1901 312 1968 ad
348 1903 577 1968 Chaeroneam
612 1903 761 1968 oratione
799 1901 934 1967 funebri
965 1901 1146 1970 celebrare

107 2005 206 2088 Quod
227 2007 377 2096 prosectu
400 2007 456 2071 hic
479 2011 576 2071 verbo
593 2023 681 2071 certe
704 2022 927 2085 memorasset,
949 2007 977 2070 si
999 2006 1062 2072 sibi
1084 2007 1147 2074 ho-

106 2133 167 2176 nos
189 2109 247 2175 ille
271 2110 473 2178 antelatum
504 2135 521 2174 a
546 2109 763 2202 Ctesiphonte
792 2107 962 2175 decretum
989 2113 1146 2202 contigis-

106 2231 164 2280 set.
209 2214 336 2280 Verum
359 2216 401 2279 ad
425 2238 500 2278 eum
523 2216 640 2280 transit
669 2215 744 2281 loco
766 2214 919 2280 inferiori
943 2216 990 2304 (p.
1014 2217 1089 2298 320)
1112 2233 1146 2282 et

105 2317 157 2382 his
181 2317 318 2408 quidem
339 2318 464 2384 verbis:
496 2318 596 2383 πολλὰ
624 2321 675 2384 καὶ
701 2316 780 2384 καλὰ
802 2321 851 2382 καὶ
873 2318 991 2402 μεγάλα
1012 2315 1032 2403 ἡ
1055 2318 1144 2396 πόλις
1214 2351 1217 2357 ·

104 2425 238 2506 Αἰσχίνη
268 2423 318 2486 καὶ
351 2424 507 2509 προεῖλετο
535 2425 585 2488 καὶ
612 2421 802 2507 κατώρθωσε
834 2421 872 2485 δι’
895 2423 986 2504 ἐμοῦ,
1021 2413 1065 2486 ὧν
1087 2424 1143 2490 οὐκ

102 2521 360 2616 ἠμνημόνησε.
406 2522 506 2589 Unde
535 2547 594 2615 ego
630 2527 816 2591 occisorum
848 2523 890 2588 ad
914 2525 1144 2592 Chaeroneam

103 2625 185 2692 iusta
215 2628 368 2694 funebria
398 2628 546 2694 confecta
576 2627 741 2694 contendo
770 2646 846 2719 post
867 2626 970 2693 latum
993 2647 1012 2692 a
1036 2629 1142 2694 Ctesi-

102 2727 228 2820 phonte
250 2729 437 2812 decretum,
467 2750 499 2799 et
522 2755 756 2799 concessurum
777 2730 842 2798 hoc
863 2733 947 2808 mihi
971 2757 1140 2826 quemque

105 2858 171 2900 esse
201 2838 339 2927 opinor,
369 2838 427 2928 qui
455 2837 725 2904 Demosthenis
716 2861 753 2900 ιιι
780 2835 983 2902 observanda
1011 2861 1158 2922 rerum„

106 2963 183 3029 quas
207 2941 350 3030 exponit,
364 2939 460 3006 iusta
489 2942 575 3008 serie
604 2942 847 3006 accurationem
876 2957 909 3004 et
930 2943 1139 3059 sagacitatem

102 3042 377 3109 animadverterit.
428 3041 524 3108 Illa
523 3067 598 3110 vero
633 3043 783 3112 confecta
815 3042 1054 3110 Demosthenes
1091 3045 1137 3110 ait

102 3145 138 3235 (l.
169 3151 213 3236 c.)
236 3149 396 3213 continuo
423 3164 499 3239 post
526 3169 645 3237 pacem
667 3149 897 3238 compositam,
921 3151 1025 3237 quam
1047 3169 1137 3214 com-

101 3253 240 3340 positam
269 3251 363 3317 hrevi
390 3267 466 3342 post
493 3249 624 3316 cladem
655 3273 723 3316 esse
752 3275 850 3342 supra
872 3251 1135 3318 monstravimus.
1224 3296 1226 3302 π

100 3353 198 3419 Unde
221 3353 388 3422 decretum
411 3355 511 3422 etiam
534 3352 762 3446 Ctesiphontis
789 3355 881 3420 brevi
907 3372 984 3448 post
1005 3353 1137 3422 cladem

102 3457 366 3529 Chaeronensem
386 3458 489 3526 latum
511 3475 617 3551 patet,
641 3482 717 3548 ergo
740 3461 971 3598 Pyanepsione
995 3458 1133 3552 Olymp.

185 3665 324 3750 Quod
298 3691 325 3732 sr
343 3667 389 3733 ita
407 3682 464 3746 est,
486 3665 607 3734 litem
598 3683 760 3732 intentam
774 3666 983 3757 Ctesiphonti
1005 3667 1045 3732 ab
1066 3667 1134 3734 Ae-

100 3765 210 3854 schine
232 3786 323 3862 patet
353 3770 501 3838 eiusdem
536 3773 615 3836 anni
644 3793 756 3834 mense
784 3767 1057 3862 Elaphebolione,
1080 3795 1132 3837 ar-

101 3873 215 3954 chonte
239 3874 452 3956 Chaeronda,
468 3899 584 3966 quem
615 3871 770 3967 praefert.
788 3875 888 3943 etiam
916 3875 1130 3942 accusationis
1157 3933 1162 3942 .
1199 3903 1201 3906 ·

99 3977 244 4062 libellus,
273 3996 307 4048 et
334 3978 397 4046 sub
428 4003 495 4071 quo
524 3977 718 4046 Plutarchus
751 3979 852 4046 etiam
878 3978 928 4064 (in
955 3979 1129 4048 Demosth.
