2740 4774
147 533 152 556 .
190 527 195 547 ,ν
270 485 352 552 dum
374 485 471 572 nobis
495 506 569 565 esse
594 485 733 564 omuino
767 485 996 572 conliteamur.
1043 482 1189 564 Scilicet,
1213 481 1309 549 liceat

215 619 221 622 ·
253 590 363 682 'enim
383 587 745 654 brevissimeBocckbii
768 589 963 678 opinionem
975 602 1175 680 proponere,
1199 586 1308 678 dispo-

271 689 333 760 sita
355 691 496 758 Athenis
519 692 556 756 in
578 691 741 758 tabulario
766 709 860 758 crant
881 709 952 758 ecta
979 710 1109 758 senatus
1139 709 1172 757 et
1192 691 1309 784 populi

197 847 200 852 ,
272 795 458 866 secundum
481 819 585 861 annos
609 812 642 862 ct
664 797 744 862 anni
768 799 929 887 cuiusque
949 795 1130 887 prytanias
1176 796 1231 861 Ad
1251 819 1310 861 au·

271 925 332 968 nos
356 898 575 997 desigpandos
598 891 771 992 probabile
802 917 850 966 est
876 897 1036 991 inscripta
1065 897 1185 965 loculis
1213 899 1310 966 fuisse

273 1006 471 1073 archontum
501 1027 745 1095 eponymorum
771 1006 913 1070 nomina
939 1002 1107 1070 schedulis
1137 1004 1190 1070 vel
1212 1002 1311 1070 tabel-

272 1111 315 1176 lis
338 1110 480 1176 exterius
510 1109 628 1188 affixis,
658 1111 739 1175 item
766 1105 1028 1199 uniuscuiusque
1058 1109 1139 1172 euni
1161 1125 1231 1174 acta
1258 1131 1311 1173 ve·

272 1213 413 1281 sisimile
438 1233 486 1278 est
508 1213 666 1305 disposita
690 1237 752 1305 per
775 1213 906 1279 codices
928 1211 1028 1278 fuisse
1047 1215 1115 1277 sive
1137 1195 1311 1290 volumine,

274 1318 395 1410 quibus
418 1318 668 1384 continerentur
690 1335 770 1383 acta
784 1320 821 1381 in
836 1333 910 1382 ¹une
932 1317 1086 1408 prytania
1109 1332 1142 1382 et
1162 1316 1224 1381 sub
1246 1341 1312 1383 uno

271 1422 383 1490 scriba
405 1420 590 1486 secundum
612 1423 800 1514 prytauiam
832 1421 969 1512 perlata.
1029 1420 1158 1511 Hisque
1189 1420 1312 1487 codici·

273 1533 346 1592 bus.
371 1521 573 1618 inscriptum
610 1527 715 1616 ipsius
741 1526 874 1591 ‘scribae
894 1525 1029 1590 'nomen
1063 1523 1162 1590 fucrit
1194 1525 1314 1616 proba·
1350 1535 1351 1590 l

272 1627 333 1696 bili
361 1628 522 1695 formula:
547 1633 594 1696 tut
626 1629 864 1720 [Μνησιφίλου]
886 1628 972 1718 (scil.
1003 1627 1210 1716 γραμματίως
1237 1632 1315 1696 κατὰ

274 1734 490 1821 nocturnae),
523 1759 588 1826 qua
612 1736 691 1800 anni
715 1736 813 1800 etiam
841 1759 880 1800 ex
903 1733 1078 1825 eponymis
1101 1731 1315 1824 designaban-

276 1840 377 1926 tu1·*).
426 1837 525 1920 Quod
554 1840 582 1904 si
613 1840 658 1905 ita
679 1838 760 1917 luit,
784 1841 854 1904 non
877 1862 959 1929 opus
984 1854 1062 1914 erat,
1086 1857 1122 1903 ut
1143 1839 1181 1902 in
1203 1836 1317 1904 decre·
1350 1857 1351 1882 ³

275 1959 386 2009 torum
419 1942 627 2032 singulorum
661 1942 821 2034 ereutplis
850 1941 959 2008 codici
988 1942 1159 2032 inscriptis
1183 1938 1317 2006 addere·
1350 1946 1351 1964 ¹

275 2063 329 2111 tur
363 2047 529 2112 archontis
560 2071 683 2113 nomeu
714 2049 768 2112 aut
798 2046 934 2112 scribae.
984 2045 1072 2112 Non,
1091 2047 1181 2109 enim
1204 2046 1318 2111 verisi-

276 2147 356 2214 mile
373 2150 431 2228 est,
457 2176 522 2240 qua
545 2149 652 2215 forma
676 2149 809 2216 decreta
832 2147 1001 2241 lapidibus
1024 2151 1129 2214 incisa
1144 2149 1319 2238 reperiun-

277 2255 399 2342 ΜΗ),
431 2251 547 2320 eadem
573 2255 610 2316 in
631 2253 795 2320 tabulario
829 2255 928 2322 etiam
950 2255 1112 2344 reposita3
1145 2250 1204 2318 sed
1228 2252 1319 2344 quod

277 2382 454 2424 commune
477 2359 632 2424 omnibus
649 2359 739 2437 erat,
762 2355 798 2422 id
821 2361 1080 2442 cousentaneum
1110 2373 1158 2422 est
1180 2359 1260 2426 actis
1283 2359 1320 2422 iu

276 2487 381 2546 unum
405 2459 550 2530 collectis
575 2486 643 2530 esse
666 2463 873 2553 inscriptum.
919 2465 999 2540 lam,
1023 2460 1115 2551 quod
1133 2487 1236 2553 supra
1248 2485 1321 2528 mo·
1350 2527 1351 2536 ,

277 2560 421 2646 ruinius,
443 2567 581 2633 luerunt
602 2567 784 2657 antiquitus
808 2565 898 2646 libri,
923 2567 1043 2658 quibus
1062 2557 1321 2632 continebantur

277 2688 348 2735 ecta
370 2668 522 2760 publica,
552 2671 681 2759 partim
700 2695 739 2736 ex
767 2671 1042 2761 inscriptionibus
1071 2670 1222 2750 collecta,
1246 2694 1322 2761 par-

278 2775 338 2857 tim
362 2797 397 2837 ex
420 2775 493 2862 ipso
525 2776 636 2839 Attico
661 2771 848 2856 tabulari03‘
871 2799 908 2839 ex
937 2775 995 2840 tali
1022 2774 1110 2852 libro
1134 2775 1238 2866 petita
1261 2798 1322 2840 no·
1350 2799 1351 2810 ¹

277 2894 343 2942 stra
365 2875 447 2942 haec
470 2869 540 2942 act'a
563 2892 643 2956 esse)
668 2879 806 2944 omniuo
830 2876 1003 2970 probabile
1028 2903 1062 2944 ex
1086 2880 1135 2974 iis
1150 2896 1209 2958 est,
1234 2903 1322 2968 quae
1350 2889 1351 2896 ’

234 3059 236 3067 s
278 2981 314 3048 iu
336 2981 565 3072 superioribus
589 2980 841 3076 exploravimus.
888 2981 987 3050 lllum
1008 2983 1136 3073 librum
1158 2983 1216 3073 qui
1241 2983 1351 3048 con-'

276 3086 372 3164 lecit,
407 3088 434 3152 is
469 3085 623 3164 ordinem
658 3104 690 3152 et
712 3085 883 3153 vrationem
915 3085 1069 3152 tabularii
1101 3079 1232 3154 secutus
1263 3103 1321 3150 cst
1350 3075 1351 3080 ἵ

277 3268 588 3280 -u—-o--w--e—-n

238 3440 240 3444 -
321 3399 343 3478 *)
365 3404 424 3460 Aut
455 3427 520 3464 cusu
551 3404 740 3474 nominativo,
770 3406 822 3484 qui
850 3407 877 3462 in
907 3403 1013 3462 Calliae
1037 3403 1154 3463 decreto
1177 3404 1321 3462 invenitur

364 3490 406 3570 (p.
437 3487 529 3572 265):
555 3485 670 3567 ἄρχων
706 3485 884 3567 Δημόνικος
925 3483 1053 3558 Φλυεύς,
1113 3493 1152 3549 Et
1188 3489 1320 3548 additum

364 3576 475 3638 scribac
499 3577 575 3636 dicas
598 3578 682 3636 etiam
704 3570 761 3652 τὴν
783 3570 1035 3658 πρυτανεύουσαν
1057 3570 1167 3655 petila,
1193 3592 1226 3634 ut
1250 3598 1320 3658 pro-

363 3662 467 3720 babilis
490 3663 625 3737 formula,
656 3662 804 3723 codicibus
832 3665 1019 3743 praescripta,
1042 3664 1111 3724 baec
1134 3663 1239 3722 fuerit:
1275 3658 1319 3720 tut

366 3743 607 3832 [Ναυσικλέους]
639 3751 693 3826 τῆς
724 3743 909 3832 [Αἰαντίδος
941 3743 1085 3832 leantur]
1110 3743 1320 3826 πρυτανευού-

366 3835 1318 3922 wcqmdmfflupwwffimmbffimrmdwwmdemo

363 3945 394 4013 p.
414 3927 491 4000 289.

321 4039 359 4126 **)
383 4033 564 4124 Quamquam
599 4045 681 4104 etiam
711 4048 738 4102 in
763 4045 804 4103 bis
836 4046 942 4122 archon
966 4043 1043 4102 baud
1064 4065 1129 4105 nuo
1153 4065 1210 4105 nou
1234 4064 1319 4125 prae·

364 4131 486 4215 scriptus
510 4131 560 4207 ¹est,
583 4133 658 4208 item,
683 4135 734 4190 etsi
754 4133 853 4208 rarius,
877 4131 977 4190 scriba.
