2706 4782
580 288 623 356 37

524 377 681 396 m

249 551 474 649 Caput
553 549 951 644 secundnm.

85 664 200 771 Agitur
221 685 259 752 de
279 685 364 750 rebus
383 685 549 774 Philippeo
570 701 668 750 aetate
688 689 801 773 gestis,
830 700 860 750 et
879 709 988 779 pacem
1009 691 1122 777 quidem

122 789 258 878 Pttppo
292 813 357 854 cum
394 789 616 854 Atheniensibus
653 792 840 877 compositam
874 792 1121 868 antecedentibus,

123 895 175 958 hoo
197 909 242 957 est
263 895 331 957 inde
353 893 395 984 ab
418 893 590 981 Amphipoli
615 893 836 956 Atheniensibus
859 896 975 984 Olynip
1008 898 1076 976 CV,
1099 907 1123 964 3

123 1013 222 1087 erepta
254 1021 342 1084 usque
364 999 407 1060 ad
426 1021 558 1060 eversam
581 998 700 1086 Olymp.
723 998 838 1062 CVIII
857 1023 885 1062 a.
911 1021 925 1065 t
952 1000 1120 1085 Olynthum.

123 1105 402 1166 Commentationum
419 1119 593 1187 argumenta
615 1103 688 1164 haec
709 1119 813 1167 erunt:
834 1105 987 1190 Phihppus
998 1106 1122 1193 Amphi·

119 1209 198 1296 polin
227 1223 257 1270 et
290 1209 428 1291 Pydnam
456 1207 678 1268 Atheniensibus
700 1211 791 1294 erepsit.
835 1211 988 1272 Potidaea*
996 1213 1119 1296 potitum

122 1313 233 1374 Bellum
254 1311 405 1373 Phocensa
436 1313 465 1372 in
488 1313 613 1372 Graecia
636 1313 805 1374 exardescit.
851 1312 1060 1375 Demosthenes
1082 1316 1125 1377 ad

122 1415 292 1503 republicae
313 1415 511 1500 gubernacula
534 1417 655 1478 accedit.
699 1415 852 1506 Philippus
881 1417 1122 1522 Methonemjess-

117 1535 242 1608 pugnat.
293 1521 388 1605 Pylas
415 1521 547 1582 traiicere
572 1520 755 1604 aggreditur.
799 1521 1008 1606 Antiphontem
1035 1526 1122 1584 mittit

122 1626 162 1686 ad
192 1623 387 1710 comburenda
414 1625 630 1686 Atheniensium
665 1625 796 1688 navah'a.
850 1625 951 1688 Causa
978 1627 1014 1690 de
1043 1629 1129 1705 Delo¹

122 1729 210 1790 insuia
232 1728 272 1790 ab
294 1727 515 1790 Atheniensibus
537 1751 634 1788 coram
647 1727 905 1814 Amphictyonibus
925 1731 1012 1792 dieta.
1057 1733 1122 1792 Da-

122 1849 197 1894 cieta
219 1833 279 1894 duo
294 1856 329 1918 p.
354 1839 418 1900 2⁶5
440 1847 563 1894 exarata
586 1855 653 1891 nnm
683 1833 725 1894 od
751 1847 863 1917 tempus
885 1833 1003 1920 Olympo.
1027 1833 1126 1898 CVII

122 1954 148 2000 et
162 1937 277 2001 CVIII
297 1935 476 1997 intercedens
496 1936 651 2020 referenda
671 1938 746 2007 sint,
775 1937 929 2026 quaesitui.
976 1935 1122 2022 Olynthus

124 2041 184 2126 urbs
200 2065 224 2104 a
244 2039 385 2130 Phiiippo
406 2061 518 2102 eversa.

93 2371 114 2413 1.
131 2377 159 2445 p.
181 2351 261 2440 248.
281 2351 476 2444 Ἀμφίπολιν,
500 2349 642 2420 Hibiton.

512 2456 596 2510 οιμρ.
609 2455 652 2502 ci.
666 2455 686 2498 s.
1097 2475 1101 2484 ‚

160 2538 397 2636 Amphipolin,
424 2540 544 2607 urbem
566 2541 602 2606 iii
626 2564 684 2608 ora
707 2538 927 2610 Macedoniae
954 2537 999 2614 ad
1025 2539 1143 2632 Stry?

93 2649 180 2714 nonis
201 2647 330 2718 ostium
350 2645 458 2726 sitam,
482 2646 541 2736 qui
563 2643 655 2712 loeus
669 2661 765 2712 antea
778 2643 905 2714 Novem
918 2644 1004 2713 Viae
1025 2667 1122 2712 voco·
1192 2706 1199 2720 ,

90 2745 180 2832 hatur,
211 2751 435 2818 Athenienses
459 2747 596 2840 Olymp.
622 2748 763 2830 XXCV,
792 2749 995 2834 burchense
1016 2748 1123 2816 Athe-

91 2851 132 2917 nis
145 2848 353 2948 Emhymt'ene
371 2849 498 2920 colonis
512 2850 663 2918 deductis
686 2851 752 2918 sihi
768 2869 987 2920 assernerunt.
1010 2853 1122 2920 Thuc.

90 2953 140 3040 IV,
161 2981 229 3028 ion.
255 2955 357 3026 Diod.
381 2955 417 3024 S.
434 2956 509 3040 XII,
534 2957 587 3025 32.
604 2953 719 3024 Schol.
739 2955 781 3022 od
794 2955 913 3024 Aesoh.
929 2985 965 3024 n.
979 2983 1121 3045 nopuno.

89 3081 118 3148 p·
136 3066 183 3130 32.
204 3064 245 3128 in
271 3059 381 3128 Reisk.
409 3058 487 3128 Ori.
518 3058 580 3127 Gr.
602 3059 680 3128 Vol.
701 3060 768 3141 ΙΙΙ,
798 3084 833 3152 p.
860 3058 935 3152 754.
961 3061 1028 3127 Ea
1049 3077 1123 3128 tum

91 3175 188 3234 octono
209 3165 296 3233 belli
318 3162 595 3256 Peloponnesiaci
617 3185 717 3245 anno,
741 3162 881 3257 Olymp.
905 3163 1066 3246 XXGIX,
1092 3189 1103 3230 ι
1109 3213 1123 3246 ,

91 3288 183 3356 quium
214 3271 238 3338 'o
272 3266 409 3336 Bmsidn
446 3285 531 3336 esset
569 3285 740 3361 occupata,
776 3267 820 3335 ad
841 3265 1122 3338 Lacedaemonios

91 3374 214 3441 transiit.
253 3373 371 3456 gThuo.
394 3372 453 3452 lv,
480 3373 551 3440 106.
598 3372 692 3458 Quae
714 3369 839 3438 deinde
854 3371 936 3440 iate
957 3373 1027 3440 eius
1048 3371 1122 3439 sue-

91 3472 158 3558 tini,
179 3501 284 3572 usque
306 3475 350 3544 ad
365 3475 551 3569 Philippici
570 3475 643 3542 sere
664 3477 798 3568 imperii
816 3491 978 3570 tempora,
999 3501 1123 3570 parum

92 3577 288 3669 exploratum
320 3598 379 3649 est.
433 3578 503 3648 Sed
534 3579 673 3674 Olymp.
701 3579 867 3663 XCVIII,
898 3582 919 3650 3
948 3605 1016 3646 una
1043 3603 1123 3654 enm

31 3759 32 3766 ἵ
92 3683 234 3751 omnihus
253 3686 387 3778 magnis
415 3707 521 3776 aequo
550 3701 583 3752 et
610 3685 722 3780 parvis
752 3683 912 3754 Graeciae
934 3683 1121 3753 civitatibus
1228 3697 1230 3702 ’

31 3791 34 3886 l
92 3785 136 3849 sni
156 3786 235 3872 iuris
255 3787 341 3856 soom
361 3780 494 3858 videtur
515 3809 601 3872 esse,
633 3791 763 3884 qnippe
785 3787 879 3882 qnod
900 3811 982 3881 pace
1003 3787 1123 3855 Antel-

31 3891 33 3906 '
96 3885 182 3958 oidea
200 3893 335 3962 nonnisi
363 3893 682 3976 Lemnus,1mhrus
711 3912 745 3962 et
766 3891 889 3988 Scyrus
910 3889 1124 3960 Atheiiiensi-
1180 3979 1183 3996 .

95 3986 150 4058 bns
170 4015 322 4066 consessa
341 3989 420 4066 sint.
463 3997 620 4092 Xenoph.
654 3996 740 4066 Heli.
770 3997 814 4081 V,
846 4021 874 4080 ι,
897 3996 950 4083 31.
994 3996 1124 4064 Urbem

31 4043 33 4186 l
99 4106 200 4168 tinen
218 4097 342 4172 divitiis
362 4101 531 4195 insignem
552 4119 587 4172 ot
607 4099 940 4176 admonebimus
952 4100 1125 4172 miserim

487 4306 510 4346 Ι
