2694 4784
496 275 654 414 ..as-

67 480 232 558 ratiouem,
262 487 365 570 quam
387 499 474 570 qnae
495 501 515 542 a
537 473 685 568 Tayloro
713 487 782 542 not.
809 472 853 542 ad
875 497 922 550 or.
957 473 1000 538 de
1031 498 1098 542 cor.

67 609 100 676 p.
119 585 176 652 235
198 599 321 650 tentata
343 583 411 648 iam
421 599 480 660 est,
504 601 708 672 quamquam
729 577 771 644 ab
793 578 867 643 aliis
883 577 1013 670 saepius
1035 601 1098 646 nec

67 687 224 754 immerito
246 683 371 752 deinde
392 683 536 778 explosa.
580 683 695 775 Atque
722 679 760 748 id
781 679 920 774 Taylori
949 683 1100 774 primum

68 792 277 857 certissimum
298 788 431 856 videtur
452 811 533 867 esse,
554 811 619 852 nee
641 809 737 867 casu,
769 809 833 852 nec
862 783 1100 876 exemplarium

68 895 157 974 vitiis,
177 893 237 960 sed
259 891 399 960 consilio
421 891 547 958 factum
560 913 641 970 esse,
662 908 702 957 nt
722 907 793 962 tam
805 889 999 981 discrepans
1016 908 1101 956 tem-

72 1021 179 1087 porum
211 981 372 1064 dissensio
404 997 444 1062 is
474 993 596 1062 maus
626 995 698 1060 asos
739 995 912 1062 eustasi.
964 994 1101 1060 praem

70 1123 188 1166 menses
209 1101 299 1165 enim
323 1098 456 1168 dierum
476 1101 580 1168 etiam
600 1100 734 1166 numeri
755 1098 798 1165 ab
819 1098 860 1164 iis
881 1121 1019 1191 prorsus
1042 1098 1101 1164 ab·

67 1205 210 1285 horrent,
251 1205 312 1295 qui
348 1227 413 1298 pro
446 1201 507 1270 illa
545 1201 710 1270 sactorum
746 1203 878 1270 ratione
916 1203 1101 1294 consignati

68 1331 131 1376 esse
157 1306 327 1375 deberent.
382 1307 470 1375 Nam
502 1306 739 1374 Demosthenis
772 1304 945 1372 decretum
977 1307 1102 1397 Muny-

68 1409 188 1478 chionis
211 1411 261 1478 lll
283 1410 389 1478 latum
410 1427 469 1494 est,
491 1410 722 1492 Callisthenis,
744 1412 895 1478 extremis
918 1409 1102 1502 Sciropho-

65 1514 165 1582 rionis
201 1513 329 1580 diebus.
390 1516 547 1599 Quonam
581 1516 684 1605 igitur
719 1539 797 1582 casu
830 1514 1101 1607 depravationem

66 1634 186 1684 tanum
213 1619 373 1686 exstitisse
402 1619 603 1686 coniecetis?
641 1621 756 1709 Pergit
776 1618 941 1710 Taylorus
962 1619 1002 1683 in
1033 1615 1101 1684 dis-

65 1724 306 1814 crepantiarum
326 1723 448 1790 harum
469 1720 688 1814 explicatione
704 1722 770 1788 hoc
790 1721 907 1790 modo:
931 1738 1102 1814 comparat

66 1843 220 1918 utrosque
241 1851 353 1893 secum
376 1824 530 1908 calculos,
561 1843 662 1918 atque
683 1825 764 1892 inde
786 1825 968 1904 contexidit,
990 1843 1099 1917 poste·

64 1932 184 1998 norem
203 1930 345 1998 feliciter
371 1933 450 1998 satis
479 1948 513 1998 et
533 1928 685 1998 consulto
718 1952 788 1996 esse
810 1928 1028 2010 subductum,
1054 1929 1100 1994 ita

65 2052 98 2100 nt
117 2035 227 2100 simile
247 2059 355 2129 paene
377 2036 537 2127 temporis
559 2037 705 2126 spatium
725 2036 912 2100 intercedat
932 2034 1021 2100 inter
1042 2029 1102 2098 de-

68 2156 188 2204 cretum
210 2138 251 2205 de
273 2139 516 2207 constituendis
537 2136 652 2232 legatis
675 2156 709 2205 et
730 2137 818 2204 illud
839 2137 882 2204 de
897 2134 1019 2231 vigiliis
1040 2135 1101 2202 ha·

68 2240 190 2324 bendis,
212 2242 311 2334 quale
333 2245 420 2310 iuxta
442 2243 619 2312 historiam
640 2242 851 2310 intercedere
873 2264 1007 2307 necesse
1029 2239 1102 2306 sue-

68 2347 121 2426 rit,
152 2370 398 2438 qnemcumque
426 2345 593 2412 calculum
614 2348 749 2427 inieris,
777 2348 800 2411 i.
832 2370 860 2411 e.
877 2347 962 2411 sive
984 2343 1019 2410 id
1044 2344 1102 2410 fiat

73 2449 149 2516 ina
176 2475 268 2527 eum,
297 2473 400 2540 quem
428 2473 465 2514 ex
495 2468 664 2516 oratorum
693 2450 800 2518 verbis
827 2448 996 2528 elicimus,
1030 2472 1100 2528 seu,

76 2575 162 2641 quem
184 2552 396 2620 decretorum
426 2558 526 2619 verba
555 2571 817 2644 repraesentant.
869 2554 910 2620 In
932 2553 1100 2644 superiori

70 2659 150 2722 enim
172 2655 300 2724 calculo
323 2658 505 2723 excitantur
526 2655 626 2750 legati
649 2656 693 2721 ad
714 2654 998 2749 proficiscendum
1021 2657 1102 2722 Mu-

65 2761 235 2851 nychionis
248 2761 305 2829 die
315 2761 379 2828 lll.
413 2760 688 2840 Proficiscnntur,
708 2764 882 2853 spatioque
897 2763 983 2828 ultra
994 2761 1102 2826 bime-

63 2869 116 2930 stri
139 2869 181 2932 in
202 2867 323 2932 itinere
343 2868 435 2946 trito,
458 2864 721 2958 Scirophorione
742 2889 856 2932 mense
879 2866 1024 2932 Athenas
1046 2888 1101 2930 re-

61 2965 172 3036 deunt.
216 2970 260 3038 Et
281 2969 396 3062 paullo
417 2987 495 3062 post
516 2993 631 3038 eorum
652 2968 799 3037 reditum
821 2988 975 3036 nmratur
996 2968 1102 3035 Athe-

59 3074 106 3138 nis
146 3071 260 3140 clades
299 3074 541 3154 Phocensium,
586 3097 708 3166 nempe
742 3073 1012 3166 Scirophorionis
1046 3069 1101 3138 die

58 3176 207 3244 XXVII.
278 3177 380 3262 Quod
424 3175 638 3244 intervallum
681 3201 752 3244 esse
792 3178 927 3246 dierum
967 3179 1102 3244 circiter

57 3279 252 3348 LXXXIII.
307 3283 379 3348 Iam
407 3298 520 3350 autem
551 3281 580 3348 si
610 3282 695 3348 iuxta
728 3282 870 3350 alterum
905 3299 1101 3374 computum
1144 3316 1147 3319 ·

55 3407 224 3464 emeres,
246 3385 315 3452 scil.
338 3386 379 3452 ab
401 3385 699 3455 Hecatomhaeonis
721 3383 778 3454 die
799 3387 919 3454 ultimo
943 3385 987 3452 ad
1007 3387 1101 3454 Mae-

53 3489 270 3557 macterionis
292 3487 382 3556 diem
405 3491 522 3582 xxl„
538 3487 610 3556 dies
637 3490 760 3558 it'erum
782 3515 852 3558 esse
873 3492 1023 3571 LXXX,
1051 3489 1101 3556 le-

52 3595 208 3672 tissima,
229 3591 282 3659 vel
303 3595 414 3685 potins
443 3592 538 3662 nulla
560 3589 758 3664 differentia.
804 3595 974 3687 Utrinque
996 3596 1100 3684 igitur

52 3695 242 3765 accuratius
264 3699 442 3765 convenire
462 3700 609 3765 rationes
625 3699 782 3790 opinatur
803 3699 978 3791 Taylorus,
1000 3723 1100 3788 qrram

50 3803 84 3866 in
106 3799 177 3866 tali
198 3821 236 3862 re
256 3797 304 3864 ias
326 3819 397 3868 erat
418 3818 615 3895 exspectare.
662 3801 827 3896 {digitur
849 3827 955 3894 quum
978 3819 1098 3883 teneat,

49 3903 164 3970 simile
194 3901 265 3967 fere
295 3901 427 3970 dierum
454 3907 600 3999 spatium
631 3929 667 3972 ex
698 3923 842 4000 utroque
868 3906 998 3976 calculo
1021 3929 1100 3997 pro-

48 4007 134 4090 dire,
159 4003 258 4072 illam
273 4009 439 4074 mensium
456 4007 717 4102 discrepantiam
739 4010 901 4079 fastorum
916 4013 1101 4078 mutatione

16 4151 18 4164 ι
48 4109 215 4204 explicari
244 4131 341 4204 posse
367 4132 489 4182 censet.
542 4113 571 4182 F
573 4115 636 4182 ieri
667 4117 759 4182 enim
780 4116 946 4207 potuisse,
979 4117 1040 4199 ait,
1065 4131 1102 4181 ut
