2740 4774
552 239 708 342 ,ru
843 283 849 309 ι

107 421 172 500 pra
195 405 352 498 expositis
376 406 512 476 omnino
545 407 757 478 statuendum
787 407 928 474 videtur.
976 407 1150 492 Quamob

107 533 182 578 rem
204 511 234 576 si
255 508 312 576 Ol.
337 507 407 575 CV.
433 503 672 576 Charidemum
701 510 953 592 Atheniensem,
973 509 1030 603 ‘ab
1054 511 1157 584 Otito

108 612 281 682 diversum
302 613 416 684 vixisse
439 630 581 696 constet,
613 612 759 682 eundem
787 611 886 682 etism
910 615 1086 706 probabile
1108 622 1152 688 ait

110 713 167 784 Ol.
192 714 280 796 CVl,
304 739 323 782 2
347 740 423 782 oum
446 717 596 786 Diotimo
625 731 814 811 praetorem
839 716 964 784 laetum
997 721 1035 786 in
1058 707 1164 790 Sala-¹

108 822 216 886 mine.
234 818 276 886 de
305 843 343 885 re
372 817 506 912 publica
534 821 622 888 bene
643 823 801 902 meritum
823 844 907 901 esse,
937 823 1030 911 quod
1050 845 1152 919 supra

110 923 297 1002 statuimus,
329 939 362 989 et
391 921 452 990 Ol.
477 923 586 1005 CVll,
618 949 638 990 a
664 925 815 1009 Athenis*
832 927 874 990 in
904 925 1150 1000 Chersonesum

109 1029 265 1108 missum,
294 1024 448 1119 indeque
469 1026 658 1109 Ol.·CVll,
691 1028 713 1115 4
747 1029 952 1122 Olynthum,
975 1027 1068 1098 uude
1090 1033 1150 1100 do-

108 1155 203 1204 mum
222 1154 380 1210 reversus,
396 1148 429 1198 et
448 1132 499 1197 rei
520 1132 678 1224 publicae
709 1131 874 1223 gerendae
907 1133 1039 1200 deditus
1069 1135 1151 1202 Phi-

106 1233 196 1327 lippi
217 1233 335 1302 studiis
359 1236 517 1326 aeerrime
545 1235 732 1304 adversatus
762 1239 821 1316 sit,
845 1235 952 1304 donee
975 1231 1032 1304 Ol.
1055 1238 1148 1321 cxl,
1276 1275 1283 1286 e

107 1336 337 1406 aAlexandro
368 1339 505 1405 iubente
527 1339 600 1406 exul
631 1338 673 1406 ad
696 1341 838 1426 Darium
864 1363 933 1406 sese
961 1338 1148 1424 contulerit,

107 1445 205 1512 ouius
227 1443 320 1508 iussu
340 1461 474 1509 necatus
506 1445 550 1510 sit
572 1444 627 1511 Ol.
652 1445 747 1526 CXI,
780 1445 812 1531 Α(
858 1444 907 1511 Ita
928 1468 1006 1514 vero
1030 1445 1148 1512 Chari-

108 1547 227 1616 demus
251 1545 348 1614 Orita
370 1553 409 1612 ex
431 1546 499 1613 sola
522 1549 672 1642 oratione
698 1550 918 1614 Aristoomtea
948 1565 1062 1629 notus,
1084 1573 1147 1616 nee

109 1650 293 1744 quidquam
315 1669 485 1740 praeterea
508 1650 716 1744 exploratum
737 1651 848 1733 fuerit,
871 1673 958 1744 quae
976 1653 1059 1720 vitae
1077 1654 1147 1720 eius

105 1757 194 1822 ratio
215 1754 316 1822 fuerit
337 1773 413 1846 post
435 1753 491 1847 Ol.
515 1755 622 1836 CVll,
660 1779 686 1820 ι.
731 1755 861 1830 Verum
881 1754 930 1842 'de
959 1754 1021 1822 hae
1048 1757 1147 1824 etiam

105 1860 214 1952 possit
234 1859 423 1926 coniectura
454 1858 544 1925 baud
570 1859 803 1954 improbabilis
826 1883 866 1925 ex
890 1858 1041 1927 Diodoro
1063 1859 1145 1952 peti,

76 1965 169 2055 ⁴„qni
192 1979 298 2055 quum
321 1961 362 2030 de
387 1962 587 2052 Charidemo
610 1962 717 2046 exule,
742 1962 797 2030 Ol.
816 1961 907 2044 CXI,
930 1962 952 2049 4
974 1964 1011 2029 in
1033 1963 1146 2030 Persia
1295 2005 1313 2062 ¹.

106 2085 242 2149 necato,
274 2064 573 2134 falsissime'dieat:
596 2067 884 2155 Ισυνιοτροιτε,ι5σατο
912 2069 971 2152 μὲν
1002 2070 1148 2157 Φιλίππῳ

107 2178 153 2262 τῷ
181 2177 307 2254 βασιλεῖ
329 2174 379 2238 καὶ
408 2170 533 2238 πάντων
562 2178 626 2238 τῶν
657 2169 906 2258 ἐπιτηδευμάτων
934 2169 1071 2259 ἀρχηγὸς
1095 2170 1147 2236 καὶ

60 2342 63 2348 ,
98 2275 286 2360 -σῦμβοολος
315 2274 447 2360 γεγονὼς
467 2267 523 2358 ἦν,
559 2271 611 2340 ad'
633 2274 874 2340 Atheniensem
907 2271 1147 2348 Charidemum
1250 2277 1251 2282 ’

107 2367 244 2448 contuse
269 2376 420 2444 retulisse
448 2376 558 2444 videri
587 2379 707 2469 possit,
739 2374 831 2469 quod
853 2374 895 2442 ad
926 2377 1148 2468 posteriorem

107 2483 224 2550 Oritae
245 2483 347 2548 vitam
372 2483 547 2571 pertineat.
592 2482 624 2546 ls
652 2484 743 2546 enim
770 2481 837 2546 iam
866 2497 962 2556 antea
978 2503 1063 2555 ,cum
1084 2480 1146 2548 ho-
1272 2557 1274 2562 ¹

106 2587 212 2654 stibus
246 2585 501 2652 Atheniensium
529 2585 800 2684 communionem
825 2585 935 2651 inibat
971 2583 1081 2665 (Dem.
1109 2585 1146 2650 in

104 2682 264 2758 Aristocr.
294 2715 328 2782 p.
350 2689 445 2779 669),
477 2689 534 2780 qui
560 2712 603 2780 pe
636 2687 736 2754 homo
766 2686 978 2754 turbulentus
1007 2703 1039 2755 et
1059 2685 1163 2754 lucri?

107 2793 292 2876 studiosus3
316 2817 427 2884 quem,
452 2793 481 2858 si
504 2714 561 2859 Ol.
585 2791 698 2872 CVll,
726 2800 841 2883 tpost
861 2793 1047 2859 orationem
1068 2792 1156 2858 Art·
1225 2817 1229 2826 ·

105 2914 301 2966 stoerateam
332 2898 474 2963 reiectus
503 2896 544 2964 ah
577 2895 837 2963 Atheniensibus
870 2893 992 2976 fuerit,
1028 2895 1146 2962 cer-sea

104 2987 374 3092 blepterelicto,
405 2998 443 3065 id
475 2998 567 3090 quod
596 3022 634 3065 eo
657 3001 731 3092 ipso
760 2997 830 3064 sere
860 3017 1010 3090 tempore
1037 2997 1151 3089 Pytho,
1280 3080 1282 3083 ᾖ

107 3107 208 3172 etiam
230 3103 311 3171 feeit
332 3112 373 3188 (v.
397 3127 469 3193 cap.
492 3103 552 3184 IV,
574 3125 627 3168 nr.
650 3105 680 3172 3.
704 3125 738 3194 p.
766 3103 866 3191 135),
881 3099 924 3167 ad
945 3100 1146 3194 Philippum

106 3234 140 3278 se
162 3208 341 3288 contulisse
365 3205 538 3276 commode
560 3206 727 3272 coniicere
748 3207 865 3298 possis.

127 3369 129 3378 .
192 3310 383 3394 Probabilis
405 3333 483 3377 sane
509 3309 688 3392 sententia,
722 3335 741 3376 a
775 3333 842 3403 qua
873 3325 984 3375 tamen
1016 3330 1143 3390 vereor,

105 3441 149 3486 ne
179 3441 241 3484 nos
273 3414 431 3483 recedere
464 3429 585 3508 cogant
618 3414 683 3505 ipsi
710 3412 771 3480 'illi-
798 3407 999 3481 Charidemi
1026 3412 1145 3481 Oritae

105 3545 214 3590 mores
243 3522 493 3612 ingeniumque.
551 3515 651 3601 Quod
683 3521 774 3586 enim
806 3515 998 3586 Plutarchus
1027 3513 1144 3604 (Phoe.

107 3649 135 3696 o.
174 3625 224 3708 16)
257 3624 299 3691 de
331 3621 532 3692 Charidemo
567 3621 687 3704 refert,
718 3621 812 3688 clade
840 3622 884 3690 ad
914 3621 1145 3688 Chaeroneam

105 3731 190 3797 saeta
211 3735 275 3796 τῶν
294 3733 516 3817 θορυβοποιῶν
536 3728 586 3794 καὶ
598 3707 816 3814 νεωτεριστῶν
844 3732 908 3793 τῶν
928 3725 960 3792 ἔν
980 3723 1067 3814 ἄστει
1089 3721 1146 3790 τὸν
1190 3745 1192 3753 ’
1219 3716 1227 3730 “

105 3835 293 3922 Χαρίδημον
315 3833 464 3899 ἑλκόντων
491 3832 540 3898 ἐπὶ
569 3829 607 3896 τὸ
629 3836 718 3915 βῆμα
745 3831 795 3896 καὶ
818 3837 1001 3916 στρατηγεῖν
1020 3824 1147 3905 ἄξιοῦν·

106 3962 177 4019 τιον,
209 3936 471 4026 ἐφοβήθησαν
501 3933 534 4000 οἶ
563 3935 785 4016 βέλτιστοι·
817 3935 866 3999 καὶ
894 3931 953 4017 τὴν
977 3933 1010 4010 ἐξ
1025 3929 1147 4016 Ἀρείου

109 4039 208 4127 πάγον
233 4037 351 4123 βουλὴν
378 4039 515 4122 ἔχοντες,
545 4039 577 4108 ἔν
607 4045 651 4128 τῷ
680 4035 769 4128 δήμῳ
797 4034 935 4122 δεόμενοι
958 4036 1009 4103 stol
1031 4029 1147 4126 δοιιιρᾶ·
1219 4122 1222 4127 ¹
