2750 4772
593 234 661 308 268

98 405 241 526 perisse
268 401 353 472 dicit
382 401 426 474 de
455 427 523 484 cor.
555 429 589 500 p.
624 408 706 498 319,
737 425 770 478 et
784 401 912 502 'paoem
939 412 1151 484 conciliatam

99 511 177 578 iam
201 529 270 574 esse
290 531 353 599 per
375 507 560 578 Demadem
582 510 702 592 refert,
733 537 838 605 quum
870 516 941 607 ipse
967 515 1011 582 ad
1039 517 1149 586 Chae

97 635 246 680 roneam
278 613 402 679 occisos
426 616 577 681 oratione
607 614 743 684 funebri
774 616 969 698 celebraret,
1000 619 1037 685 id
1058 620 1152 711 quod

97 719 180 804 παρ’
210 715 291 782 αυτὰ
323 715 363 782 τὰ
397 719 563 802 συμβάντα
599 719 720 787 sactum
749 720 924 788 contendit
951 721 993 790 de
1024 748 1090 790 cor.
1114 749 1148 844 p
1166 717 1167 720 ¹

89 822 220 908 ⁴(decl).
253 817 550 890 Transferendum
583 825 686 913 igitur
712 825 823 916 potius
850 823 940 892 istud
973 825 1014 892 de
1042 829 1146 896 muris
1216 907 1217 910 Ἴ

98 921 298 992 reficiendis
328 923 509 1030 consilium
532 925 576 992 ad
602 925 643 998 id
665 944 795 1018 tempus
817 927 958 1011 videtur,
982 954 1084 1027 quo
1071 955 1147 998 mu·

98 1026 251 1096 nicndae
272 1028 364 1094 urbis
386 1021 515 1096 summa
532 1030 792 1106 Atheniensibus
822 1038 999 1100 necessitas
1023 1033 1145 1118 aderat,

100 1157 213 1226 quum
240 1133 318 1198 victi
350 1129 393 1198 ad
421 1133 651 1200 Chaeroneam
677 1159 792 1202 eorum
815 1139 977 1212 exercitus
998 1138 1036 1202 iu
1057 1137 1144 1204 Atti

94 1263 178 1304 cam
200 1260 270 1304 sese
291 1238 492 1329 reciperent,
515 1262 638 1331 eosque
661 1237 835 1331 Philippus
864 1243 996 1307 iamiam
1029 1242 1142 1307 subse-

35 1381 40 1388 ·
100 1359 242 1409 cuturus
284 1340 462 1406 videretur.
527 1343 600 1426 Qua
646 1360 838 1466 tempestate
882 1343 1140 1414 Atheniensibus

93 1463 212 1513 tantus
244 1461 332 1511 certe
362 1443 404 1510 da
426 1443 529 1512 salute
556 1446 649 1512 urbis
672 1447 773 1524 timor
799 1450 1036 1528 incursasset,
1070 1449 1141 1542 Hy·
1195 1475 1198 1482 ¹

97 1548 234 1642 parides
256 1564 294 1614 ut
316 1531 486 1613 decretum
509 1547 610 1615 ferret
642 1548 684 1615 de
707 1550 883 1639 inquilinis
907 1553 1047 1633 civitate,
1068 1576 1139 1619 ser-

97 1654 149 1724 uis
171 1652 322 1718 libertate
345 1649 524 1735 donandis,
554 1651 663 1745 deque
684 1652 879 1720 mulieribus
903 1671 935 1720 et
957 1653 1109 1722 liberis
1095 1677 1138 1724 ιιι

97 1757 256 1828 Piraeum
279 1755 494 1847 asportandis.
523 1757 589 1822 ‘V.
619 1757 760 1848 Lycurg.
790 1759 826 1822 in
857 1759 972 1824 Leocr.
1002 1785 1037 1848 p.
1066 1782 1145 1848 syon

96 1861 136 1928 R.
182 1859 428 1932 Pseudo-Plut.
461 1861 517 1926 vit.
547 1863 578 1926 X
602 1885 667 1927 orr.
698 1861 860 1952 Hyperid.
897 1859 971 1928 Vol.
1003 1862 1077 1926 Xll.
1100 1887 1135 1953 p.

95 1988 173 2056 270.
197 1965 239 2034 H.
284 1962 336 2031 Cf.
365 1975 447 2032 orat:
476 1962 804 2056 pseudo-Demosth.
831 1966 867 2030 iu
888 1965 1059 2056 Aristogit.
1091 1967 1133 2038 ll.

96 2094 132 2162 p.
165 2069 238 2138 803.Ι
283 2069 394 2160 Atque
423 2068 487 2133 hac
520 2092 599 2140 sane
628 2069 698 2160 ipsa
730 2070 992 2160 opportunitate,
1027 2093 1134 2160 quum

97 2170 249 2265 Philippi
268 2161 494 2263 post-cladem
507 2166 792 2240 Chaeronensem
814 2173 851 2237 in
862 2171 1006 2238 Atticam
1027 2174 1150 2245 subite⁴

97 2277 272 2367 impressio
296 2277 507 2358 imminebat,
529 2276 736 2342 Athenarum
759 2281 875 2342 urbem
895 2300 1024 2340 summa
1047 2274 1133 2344 celc'·

73 2409 74 2414 ¹
97 2383 195 2450 ritate
218 2399 250 2446 et
270 2366 456 2449 intentione
488 2405 507 2445 a
530 2381 656 2446 civibus
678 2404 812 2445 revera
834 2381 1013 2461 munitam,
1036 2404 1133 2471 repe·

100 2486 262 2576 titumque
290 2483 328 2551 id
354 2483 423 2578 sere
452 2507 528 2576 erga
556 2485 698 2574 patriam
733 2481 882 2548 studium
911 2506 997 2564 esse,
1039 2483 1132 2574 quod
1214 2569 1216 2572 Ι

99 2605 175 2682 post·
195 2587 345 2680 expulsos
377 2613 412 2654 ex
436 2587 575 2654 Graecia
597 2589 717 2658 ,Persas
739 2586 972 2652 Themistoclis
995 2585 1156 2678 consilio1

101 2711 133 2761 et
154 2691 331 2760 calliditate
357 2694 552 2786 praestitum
582 2708 677 2772 erat‚-
695 2690 835 2780 insignis
863 2689 1009 2782 Lycurgi
1032 2690 1131 2758 ‘locus

101 2820 148 2867 or.
178 2792 225 2880 in.¹
256 2792 373 2865 Leocr.
403 2805 448 2890 (p.
484 2819 543 2878 172
572 2793 626 2886 R.)
647 2794 843 2888 planissime
866 2792 982 2878 docet,‘
1006 2797 1042 2861 in
1064 2819 1131 2888 quo

99 2960 408 2994 -h-------
443 2967 446 2974 ’

49 3113 54 3120 “
142 3095 325 3178 >Pseudo-
310 3096 412 3155 -.Plut
436 3096 483 3154 vit.
506 3095 547 3154 X.
571 3117 629 3155 orr.
642 3118 670 3152 ιιι
683 3094 770 3156 lsocr
794 3095 862 3154 Vol.
886 3095 953 3155 Xll.
946 3117 994 3203 .p.
1010 3030 1077 3164 ado.
1091 3095 1130 3156 Η.

181 3187 335 3247 'Isocratem
356 3183 413 3240 vita
427 3180 579 3241 decessisse
590 3175 722 3240 refert
701 3201 768 3260 αμα
788 3186 857 3252 ταῖς
878 3187 995 3262 ταφαῖς
1015 3183 1078 3241 τῶν
1099 3179 1131 3242 ἓν

184 3265 363 3354 Χαιρωνεία
384 3261 563 3344 πεσόντων,
573 3284 736 3349 postquam,
757 3269 862 3327 nuncio
885 3267 922 3328 de
942 3267 1021 3327 clade
1036 3269 1134 3328 Chae·

138 3365 141 3372 ’
185 3359 303 3419 rorensi
325 3370 442 3436 accepto
466 3350 510 3437 (p.
523 3355 610 3434 238),
632 3377 668 3412 ne
681 3355 829 3414 Graeciam
841 3369 972 3436 quartum
988 3355 1131 3414 subactam

185 3443 313 3520 videret,
342 3465 397 3524 per
419 3464 521 3501 novem
549 3457 708 3542 quatuorve
731 3440 792 3500 dies
814 3463 829 3504 a
852 3442 918 3501 cibo
941 3441 1130 3500 abstinuisset.

184 3532 272 3592 Unde
295 3551 406 3630 pacem
415 3529 515 3590 decem
544 3529 655 3610 circiter
682 3541 749 3608 post
778 3527 887 3587 cladem
909 3527 1012 3614 diebus
1031 3527 1131 3587 conci·

185 3620 278 3694 liatam
308 3617 448 3677 coniicias.
492 3617 530 3676 Et
560 3635 732 3696 quamquam
763 3613 896 3672 fabellae
910 3603 972 3673 isti
982 3635 1040 3672 non
1068 3627 1132 3671 tan·

186 3721 246 3765 tum
268 3704 357 3764 tribui
378 3716 484 3785 potest,
504 3703 672 3784 praesertim
695 3721 786 3781 quum
796 3701 958 3802 Philippus
980 3721 1037 3756 non
1061 3720 1132 3758 cou-

185 3794 266 3868 tinuo
287 3806 355 3874 post
377 3789 485 3850 cladem
507 3788 615 3848 occisos
637 3789 666 3845 in
687 3807 784 3869 pugna
805 3787 886 3846 victis
905 3784 1064 3846 reddiderit
1085 3806 1133 3846 se·

185 3877 312 3962 cundum
345 3876 468 3940 eundem
500 3889 645 3934 auctorem
676 3874 696 3932 l.
719 3895 744 3933 c.
766 3871 911 3956 Hyperid.
939 3895 970 3956 p.
1002 3887 1085 3952 270,
1100 3869 1133 3941 id

102 4001 111 4018 =·
185 3980 279 4025 tamen
300 3979 377 4024 certe
400 3986 435 4024 ex
456 3983 491 4022 ea
511 3960 683 4022 concludere
711 3959 796 4038 licet,
816 3958 899 4021 brevi
921 3975 988 4064 post
1008 3977 1134 4043 pugnam

187 4066 320 4135 tempore
341 4069 441 4134 pacem
463 4049 647 4149 compositam
672 4067 746 4116 ιιιι.
829 4066 834 4074 ·
