2694 4784
742 315 833 386 68.

243 489 316 574 Ιιδ.
362 455 491 552 Exarsit
497 481 653 584 Olymp.
676 483 785 566 CVII,
808 483 840 570 4,
864 485 1024 573 archonte
1044 483 1204 554 Athenis
1211 469 1294 552 Cal-

232 525 398 671 ‘limacho,
421 613 489 682 quo
510 592 644 655 missae
658 589 700 654 ab
723 590 986 656 Atheniensibus
1014 608 1106 656 sunt
1112 607 1181 656 tres
1212 587 1296 657 illae

233 689 468 790 'expeditiones
484 691 705 786 Olynthiacae
719 711 799 759 teste
812 693 1011 798 Philochoro
1024 716 1077 814 ap.
1068 694 1196 762 .Dion.
1212 695 1258 760 H.
1272 695 1295 762 l.

243 803 333 890 c.§.
366 822 400 888 9.
445 797 513 890 (Cf.
542 795 755 889 Pseudoplut.
784 799 841 864 vit.
873 799 915 864 Χ
934 784 1014 865 orat.
1048 798 1087 866 in
1110 799 1296 867 Demosth.

241 904 320 972 Vol.
345 901 420 982 XII,
444 926 478 992 Ρ.
502 901 564 967 262
588 899 640 966 ed.
656 901 728 985 H.;)
735 881 962 994 {inituroque
977 918 1026 970 est
1038 925 1103 994 per
1119 925 1330 1068 exqu

242 1011 370 1086 tionem
393 992 536 1097 Olynthi
557 1003 716 1073 archonte
727 1003 928 1098 Theophrlo
951 1003 1007 1071 Ol.
1031 1005 1158 1098 CVIII,
1182 1029 1221 1090 ι,
1244 1031 1296 1072 se-

230 1111 394 1180 ‘cundum
421 1109 561 1201 Dionys.
593 1105 617 1174 l.
644 1133 673 1176 e.
701 1109 733 1198 §.
760 1133 797 1176 to
821 1126 854 1177 et
877 1100 1094 1240 Pseudoplut.
1123 1107 1147 1175 Ι.
1178 1131 1226 1192 e.,
1254 1113 1330 1176 in

243 1220 339 1310 ipso,
375 1231 414 1282 ut
444 1212 593 1298 videtur,
628 1212 729 1279 huius
765 1214 846 1280 anni
884 1214 1009 1281 initio.
1043 1213 1170 1280 Eversa
1203 1215 1291 1282 enim

243 1319 397 1414 Olyntho
419 1315 612 1410 Philippus
627 1319 787 1385 continuo
812 1316 1010 1410 Olympieos
1032 1315 1168 1385 ludos
1157 1331 1199 1384 ιιι
1222 1319 1330 1388 Ma

143 1440 146 1450 '
244 1423 385 1510 eodonis
406 1424 551 1489 maximo
574 1421 667 1488 cultu
679 1418 862 1488 celebrasse
885 1421 1018 1489 dicitur.
1050 1421 1193 1491 Diodor.
1218 1422 1243 1489 l.
1262 1445 1289 1489 o.

244 1503 343 1596 Dent.
365 1556 398 1595 π.
422 1551 561 1615 παραπρ.
583 1549 618 1618 Ρ.
641 1524 716 1618 401.
763 1526 815 1593 CI.
828 1524 949 1593 Aescb.
972 1554 1006 1593 tt.
1028 1543 1170 1617 παραπρ.
1193 1552 1232 1698 Ρ.
1222 1529 1291 1597 .30
1329 1511 1330 1614 Ρ

243 1635 317 1701 init.
341 1650 374 1700 et
395 1649 498 1699 nostr.
522 1654 593 1722 cap.
617 1630 679 1712 III,
705 1652 733 1696 t.
918 1685 923 1695 ,

328 1733 407 1804 Una
428 1759 506 1802 cum
527 1735 692 1802 Lasthene
715 1735 852 1826 agitasse
880 1733 972 1826 a'pud
983 1723 1173 1827 Olynthios
1202 1759 1293 1804 com·

241 1841 343 1910 moda
364 1839 535 1932 Philippi
545 1839 762 1931 Euthycrates
791 1838 908 1905 fertur.
958 1839 1056 1905 Dem.
1086 1867 1119 1907 π.
1146 1860 1290 1962 uuponp.
1329 1827 1330 1876 l

241 1973 276 2040 p.
306 1947 388 2030 425,
417 1944 493 2029 451.
541 1943 695 2040 Uterque
721 1942 877 2008 miseram
902 1941 1106 2034 proditionis
1136 1947 1292 2037 praemio
1329 1951 1330 1960 ’

150 2101 153 2111 ,
243 2067 367 2128 sortem
407 2046 544 2138 accepit.
610 2047 711 2115 Dem.
756 2045 800 2111 de
843 2047 1005 2116 Cherson.
1038 2056 1081 2141 'pt'
1112 2059 1167 2139 9'9.
1234 2051 1290 2118 Ab

186 2235 188 2238 Ρ
228 2155 318 2244 'ipso
348 2147 510 2243 Philippo
547 2149 691 2242 superbe
725 2167 877 2218 tractatos
908 2175 962 2219 eos
995 2151 1083 2219 Plut.
1117 2153 1221 2221 refert
1251 2155 1289 2221 iu
1329 2167 1330 2170 ’

242 2253 492 2348 Apophthegm.
512 2278 548 2347 p.
563 2255 618 2345 96.
640 2252 718 2323 Vol.
740 2255 833 2348 VIII
846 2255 900 2322 ed.
912 2255 955 2324 H.
998 2258 1031 2323 A
1045 2247 1284 2325 Macedonibus

246 2361 339 2427 enim
359 2382 438 2428 vero
459 2359 673 2452 proditorum
693 2361 831 2426 nomine
854 2358 1013 2452 appellati
1035 2385 1143 2452 quum
1155 2362 1279 2451 aegrius

103 2507 108 2516 ·
242 2463 388 2549 ferrent,
417 2478 451 2532 et
472 2481 696 2559 quererentur
722 2462 814 2558 apud
835 2461 1049 2559 Philippum,
1079 2463 1139 2532 ille
1161 2463 1279 2542 σκαιοὺς

242 2570 334 2658 φύσει
362 2573 415 2638 καὶ
441 2569 605 2660 ἆγροικοὺς
632 2571 901 2655 Μακεδόνας-,καὶ
927 2569 987 2659 τῂν
1012 2567 1143 2658 σκάφην
1163 2569 1285 2661 σκάφην

241 2675 388 2762 λέγοντας
408 2673 514 2746 tacete
536 2691 570 2742 et
590 2695 727 2765 prorsus
749 2669 917 2764 eleganter
937 2671 1121 2770 respondit.
1215 2673 1217 2676 ’
