2740 4774
497 305 658 410 m

296 473 423 544 'chonte
446 475 665 569 Mnesiphilo‚
689 479 749 570 qui
773 478 871 544 etiam
894 476 1022 544 duobus
1039 479 1105 546 de
1257 490 1263 500 ⁸

351 598 419 648 atus
449 598 498 647 est
526 581 575 672 (p.
604 581 665 650 235
697 598 729 646 et
752 583 844 671 238),
872 578 953 674 licet
982 583 1010 648 is
1039 607 1102 649 nec

403 685 515 752 nenias
544 709 607 752 nec
636 683 680 752 ed
708 707 813 770 unum
844 707 970 750 annum
999 689 1104 777 perti·

477 789 531 855 cui
553 804 702 856 actorum
733 789 873 855 orationi
896 786 938 854 de
961 813 1026 856 cor.
1050 791 1103 856 in-

511 893 583 974 tio,
614 890 701 959 illud
722 891 955 958 Demosthenis
970 893 971 902 ’
985 911 1018 982 et
1038 894 1102 962 hoc

601 996 645 1062 eis
669 995 893 1074 confundens,
923 1020 1007 1087 quae
1037 999 1103 1065 late

605 1099 752 1182 sneflll,
767 1097 768 1102 ’
786 1117 819 1165 et
841 1097 1103 1192 Scirophorione

542 1229 633 1270 enum
656 1228 782 1270 annum
805 1203 938 1294 referre,
974 1208 1101 1298 quippe

492 1331 604 1374 mense
637 1326 714 1400 post
735 1307 876 1376 alterum
898 1306 1003 1374 latum
1025 1335 1116 1402 per-¹

422 1439 455 1478 m
473 1409 606 1479 exem.
630 1412 672 1479 de
684 1411 770 1478 male
786 1432 873 1504 gesta
892 1411 998 1502 legat,
1021 1438 1102 1504 quas

356 1538 432 1582 nem
466 1540 543 1582 enm
576 1514 789 1584 statuendum
820 1533 885 1595 est,
921 1515 981 1582 sed
1010 1516 1102 1608 quod

292 1659 307 1685 s
330 1639 396 1686 tres
417 1634 550 1686 menses·
578 1637 797 1687 commoratos
826 1619 949 1710 legatos
971 1622 1008 1684 in
1030 1622 1103 1686 Ma·
1197 1641 1199 1648 ’

230 1725 310 1790 uicit
333 1725 380 1816 (p.
406 1727 490 1806 235),
514 1741 547 1790 et
568 1723 662 1791 brevi
690 1741 767 1814 post
789 1747 904 1790 eornm
927 1747 967 1789 ex
991 1726 1103 1792 Mace-

188 1827 334 1895 reditnm
363 1828 466 1898 latum
491 1826 702 1912 Callisthenis
732 1825 903 1894 decretum
930 1829 1103 1898 contendit
1182 1907 1184 1914 ¹
1278 1859 1282 1868 ·

128 1932 258 2022 237)*).
305 1930 404 2016 Quod
426 1931 538 2002 sinon
561 1932 601 2026 ab
625 1929 682 2002 illo
696 1930 817 1997 factum
836 1951 893 2013 est,
915 1951 1044 2023 poterat
1061 1935 1102 2001 ab
1156 1932 1160 1940 ’

69 2115 375 2130 m

109 2215 131 2292 ²)
151 2217 262 2278 Eadem
296 2239 331 2280 ex
360 2239 442 2278 causa
477 2235 573 2280 notum
600 2221 684 2280 etiam
714 2221 860 2280 coniicere
888 2221 981 2300 possis
1011 2221 1105 2299 ipsum

145 2305 232 2364 -illum
261 2305 542 2366 Hecatomhaeonem
569 2307 713 2382 ultimum,
755 2309 808 2388 qui
845 2304 962 2365 decreto
993 2306 1112 2376 Demo··

151 2393 259 2452 sthenis
279 2393 474 2474 praescriptus
496 2408 548 2469 est,
570 2394 593 2452 si
616 2392 764 2469 decretum
793 2395 849 2452 hoc
877 2391 914 2450 ad
935 2413 1036 2474 pacem
1056 2413 1106 2452 re-

152 2479 230 2539 ferre
260 2479 339 2538 malis
366 2477 449 2541 brevi
475 2493 542 2560 post
572 2479 683 2538 cladem
705 2479 950 2552 Chaeronensem,
977 2479 1035 2538 hoc
1063 2494 1106 2538 est
1143 2521 1146 2526 ,

151 2581 221 2648 post
244 2565 292 2626 Ol.
317 2565 383 2639 CX,
408 2569 425 2626 3
449 2566 684 2648 Metagitnionem
705 2565 763 2624 Vll
791 2567 865 2624 inter
887 2566 1054 2646 Philippum
1077 2582 1107 2624 et

152 2654 343 2712 Athenienses
365 2653 559 2734 compositam.
605 2653 699 2728 Quam
729 2654 894 2734 opinionem
924 2674 988 2712 cum
1017 2652 1107 2712 rebus

154 2756 234 2800 certe
263 2740 313 2800 illo
342 2753 473 2820 tempore
502 2741 587 2817 gestis
614 2738 692 2798 hand
718 2741 815 2819 inepte
845 2739 988 2800 conciliari
1009 2761 1105 2821 posse,
1137 2766 1139 2779 ·

155 2828 209 2885 iam
244 2848 341 2906 supra,
358 2822 436 2907 (cap.
469 2826 520 2902 V.)
543 2825 711 2886 nionuimus.
756 2813 871 2886 Scilicet
896 2825 933 2885 ab
956 2826 1001 2883 illa
1025 2827 1108 2885 etiam
1178 2865 1180 2870 ·

133 2924 227 2994 'pace
249 2935 307 2975 non
329 2913 438 2972 alienus
460 2928 519 2971 erat
532 2913 749 2973 Demosthenes.
794 2914 864 2973 Eius
887 2913 961 2970 enim
983 2915 1108 2994 primum
1136 2933 1139 2940 ·

155 3001 317 3058 Dinarchus
343 3001 384 3074 (iu
406 3000 556 3058 Demosth.
579 3021 611 3079 p.
633 2996 689 3080 56)
713 3000 861 3059 decretum
883 2999 981 3072 affert,
1015 3000 1108 3056 conti·

140 3109 215 3146 -uuo
238 3099 304 3167 post
326 3084 434 3151 cladem
456 3084 553 3160 latum,
575 3104 638 3166 quo
662 3087 738 3144 cives
760 3081 807 3146 int
829 3079 870 3143 τὰ
891 3078 1107 3164 ἴργαοοῃὶεπε
1182 3156 1184 3161 ,

147 3195 185 3233 -se
208 3173 277 3232 iussi
298 3172 369 3250 sint,
397 3172 480 3231 simul
512 3187 607 3230 autem
636 3187 769 3254 rogatum
792 3173 843 3246 sit,
869 3186 902 3229 ut
923 3171 1010 3251 legati
1032 3173 1109 3252 pacis

155 3281 240 3320 causa
261 3258 430 3339 Philippum
450 3257 570 3318 adirent.
617 3259 695 3334 Quin
724 3259 879 3318 Aeschines
908 3252 952 3339 (in
974 3257 1054 3318 Ctes.
1078 3282 1107 3338 p.

156 3352 197 3424 76
222 3343 309 3420 med.)
330 3344 552 3405 Demosthenem
575 3361 636 3404 tum
665 3347 803 3426 temporis
830 3366 944 3424 rogasse
966 3345 1109 3427 populum

155 3449 271 3508 narrat,
303 3453 334 3490 se
366 3447 399 3490 ut
427 3433 505 3512 pacis
533 3432 682 3491 custodem
709 3424 962 3514 (εἰρηνοφύλακα)
990 3446 1109 3492 crearet.

154 3519 280 3578 Maxime
309 3533 403 3580 autem
429 3517 467 3576 ed
495 3519 713 3578 confirmandam
743 3519 814 3578 hanc
842 3517 878 3578 de
906 3518 1023 3578 decreto
1053 3519 1109 3577 hoc

155 3606 323 3686 opinionem
344 3603 376 3662 id
398 3605 497 3679 valeat,
520 3591 613 3685 quod'
623 3607 780 3674 Aeschines
803 3621 870 3687 post
890 3604 1002 3666 cladem
1015 3605 1110 3663 Chae·¹

155 3712 311 3759 conensem
336 3691 507 3772 legationem
534 3690 570 3749 ad
597 3691 764 3774 Philippum
802 3694 879 3774 pacis
917 3690 1109 3756 conciliandae

156 3799 239 3836 causa
270 3799 302 3836 re
337 3798 404 3836 vera
433 3777 514 3836 obiit.
570 3778 723 3838 Praeterea
756 3780 783 3837 in
813 3776 1010 3838 confirmanda
1046 3779 1110 3837 iure

156 3862 278 3927 iurando
308 3885 407 3946 pace„
427 3886 512 3944 «luam
542 3881 655 3946 praeter
684 3867 924 3947 exspectationem
938 3863 1110 3925 'commodis

156 3949 370 4010 conditionibus
393 3949 546 4033 Philippus
568 3968 764 4026 concesserat,
786 3953 959 4010 celeritatem
979 3968 1111 4034 tempora

157 4053 217 4104 tum
240 4038 322 4104 etiarn
344 4037 465 4106 suadere
488 4040 602 4096 omuino
631 4055 779 4120 poterant,
812 4054 843 4098 uc
866 4037 1021 4099 decernere
1046 4039 1111 4098 Dee
1165 4045 1176 4078 Ι

158 4126 319 4189 mostlienes
342 4129 448 4205 posset,
471 4123 580 4206 legatos
604 4128 735 4208 quinque
759 4126 851 4192 statim
874 4125 1027 4204 creandos,
1056 4125 1113 4184 cis·-
