2706 4782
7 3153 10 3166 '
66 3146 214 3216 bellasse
235 3145 354 3229 fertur,
377 3145 438 3237 qui
466 3161 618 3238 tempore
647 3144 708 3211 illo
735 3144 961 3238 Amphipolin
987 3146 1121 3218 obtine-
1228 3197 1230 3202 .

5 4045 7 4096 ι

5 4103 7 4168 l

526 271 684 376 ...32-
735 360 738 374 .

65 441 243 534 Philippo
265 437 360 506 fratri
383 439 565 532 imperium
587 435 736 530 reliquit.
780 437 997 531 Amphipolis
1024 441 1127 532 igitur

69 566 164 634 tum,
186 565 294 636 quum
314 543 477 635 Amputas
499 541 591 610 diem
612 565 807 633 supremum
825 541 950 634 obibat,
972 565 1032 611 suo
1055 546 1130 614 iure

67 649 264 718 fruebatur.
310 647 361 714 Eo
385 647 476 714 enim
496 646 552 714 vix
572 645 705 714 mortuo
724 644 929 738 Iphicratem
939 645 1128 717 Athenien-¹

69 778 129 822 ses
158 754 197 818 in
222 752 376 843 regiones
407 748 479 818 illas
509 752 687 834 miserunt,
718 773 923 843 quamquam
951 749 999 816 tut
1028 779 1128 822 ιιιιτα-
1195 817 1206 824 .

72 865 180 946 σκοπῇ
206 862 328 941 μᾶλλον
353 861 419 922 τῶν
439 853 645 942 πραγμάτων,
679 853 701 940 ἤ
728 856 891 945 πολιορκίᾳ
918 860 975 940 τῆς
995 841 1140 942 πόλεως,Α

68 964 306 1052 Ἀμφιπολιτῶν
327 959 431 1028 αὐτῶν
453 959 587 1044 ἐχόντων
616 957 686 1026 τότε
714 957 773 1044 πῆν
794 956 884 1024 πόλιν
910 961 960 1025 καὶ
983 959 1040 1043 τὴν
1057 959 1135 1044 ,goi-¹
1184 1039 1187 1044 Ι

72 1093 139 1156 ραν
159 1065 392 1152 καρπουμένων.
437 1062 556 1131 Aesch.
579 1091 612 1130 π.
633 1087 773 1150 παραπρ.
795 1085 830 1152 p.
859 1063 895 1131 31
929 1060 1126 1155 fiplpbiora-

71 1189 127 1237 tes
150 1165 351 1260 Eurydices,
372 1167 540 1266 Amyntae
562 1166 674 1235 uxoris
696 1181 814 1256 rogatu
832 1166 1039 1250 Pausaniam,
1061 1169 1125 1235 im·
1164 1165 1169 1186 '

68 1274 212 1367 perium
231 1271 379 1363 Amynta
400 1289 534 1340 mortuo
548 1267 807 1362 Alexandroque
827 1293 905 1338 mox
922 1271 1125 1364 interempto
1151 1311 1153 1316 ·
1228 1299 1231 1316 ι
1261 1302 1264 1307 ·

70 1375 264 1447 desolatum
281 1374 500 1456 affectantem,
513 1374 714 1450 Macedonia
728 1372 864 1467 expulit,
879 1391 913 1441 et
927 1374 1057 1443 duobus
1071 1401 1127 1442 re-

69 1480 183 1574 liquis
205 1481 371 1572 Amyntae
394 1479 473 1548 tiliis
491 1477 670 1547 Perdiccae
692 1495 791 1570 atque
802 1477 961 1571 Philippo
981 1503 1126 1574 regnum

68 1603 258 1678 paternum
285 1585 427 1654 servavit
446 1573 548 1676 ¹(Nep.
573 1583 699 1676 iphicr.
722 1583 768 1671 3).
814 1584 891 1669 Quo
913 1582 999 1654 lacto
1021 1583 1127 1652 Athe-

71 1693 222 1771 nienses,
245 1711 450 1781 quamquam
472 1688 598 1781 optime
621 1685 664 1756 de
684 1693 789 1780 regno
807 1685 1034 1756 Macedonum
1055 1713 1126 1757 me-

75 1797 169 1874 ritos,
192 1791 411 1860 nihilominus
429 1815 504 1884 spes
521 1789 653 1874 fefellit,
675 1789 745 1860 fore
767 1807 806 1856 ut
827 1792 926 1858 tantis
947 1783 1136 1860 beneficiis

74 1899 110 1966 in
140 1894 376 1996 ¹Illacedontur't
405 1919 500 1986 reges
532 1894 660 1963 collatis
689 1893 904 1988 Amphipolis
926 1895 998 1962 sihi
1027 1899 1125 1963 resti-

72 2021 236 2072 tueretur.
281 2001 370 2070 Nam
399 2017 433 2068 et
454 1999 666 2069 Ptolemaeus
692 1998 855 2082 Alorites,
887 2001 957 2091 qui·
973 1997 1140 2091 primum*
1245 2057 1248 2064 .

70 2109 172 2201 regni
197 2127 312 2174 curam
333 2106 496 2196 suscepit,
525 2101 771 2196 Perdiccaeque
799 2121 833 2170 et
854 2101 1014 2196 Philippo
1037 2129 1126 2173 non·
1167 2189 1172 2194 1

73 2208 160 2277 dum
180 2210 324 2301 imperio
346 2210 486 2278 maturis
508 2225 599 2276 tutor
621 2207 820 2276 constitutus
842 2224 901 2289 est,
925 2231 1003 2276 cum
1020 2209 1126 2276 Athe-

71 2313 248 2380 niensibus
271 2311 314 2380 de
335 2310 539 2406 Amphipoli
561 2308 795 2393 contendebat,
818 2329 852 2378 et
874 2313 934 2404 qui
957 2329 1029 2380 tum
1051 2337 1125 2380 suc-

73 2418 174 2485 cessit
194 2415 368 2484 Perdiccas
402 2417 488 2484 iusto
518 2419 585 2484 iam
608 2440 686 2484 cum
712 2417 754 2482 iis
775 2414 866 2484 bello
895 2415 939 2482 de
960 2417 1046 2484 urbe
1067 2415 1124 2484 illa
1211 2497 1214 2502 ¹

77 2520 237 2588 dimicare
270 2521 409 2612 incepit
445 2518 564 2588 Aesch.
588 2518 611 2586 l.
638 2543 667 2586 c.
686 2544 722 2611 p.
743 2507 785 2586 3'2
808 2521 855 2585 in.
879 2518 932 2586 Cs.
949 2519 1122 2590 Demosth.

75 2649 124 2694 or.
147 2626 183 2692 in
206 2626 368 2694 Aristocr.
398 2649 432 2718 p.
460 2625 527 2714 669
552 2645 627 2717 sqq.
654 2622 707 2690 Ab
732 2621 792 2720 illo
821 2609 1047 2692 Callisthenes¹
1071 2623 1132 2702 di-,
1252 2628 1255 2634 ’
1298 2583 1300 2598 Ι

72 2731 161 2798 citur
181 2727 333 2798 inducias
356 2753 434 2796 cum
456 2727 616 2796 Perdicca
637 2727 774 2809 fecisse,
797 2728 841 2796 ob
863 2753 946 2821 quas
967 2728 1124 2819 indigna·
1208 2769 1210 2774 ·

71 2838 115 2902 tis
150 2833 193 2902 ab
226 2833 489 2901 Atheniensibus
517 2835 626 2925 capite
659 2830 833 2917 damnatus
868 2827 1010 2902 videtur.
1065 2834 1122 2902 Ab

69 2939 139 3006 hoc
167 2937 384 3020 Timotheus,
411 2954 489 3033 post
511 2937 713 3030 Iphicratem
743 2935 813 3004 dux
839 2941 956 3006 contra
973 2938 1123 3032 ¹Amphi-

68 3040 170 3136 polin
191 3049 338 3123 creatus,
368 3043 492 3110 acriter
522 3063 727 3134 quamquam
749 3042 958 3134 improspere
980 3065 1058 3108 cum
1080 3044 1120 3112 iis

66 3242 165 3330 rent,
196 3273 344 3343 quocum
366 3250 536 3341 conspirat
565 3246 678 3316 Schol.
700 3246 744 3313 ed
772 3248 893 3316 Aesch.
922 3276 956 3316 π.
978 3275 1118 3338 παραπρ.

66 3378 103 3449 p.
130 3357 184 3436 32,
207 3354 268 3446 qui
297 3352 456 3450 archonte
485 3350 670 3420 Callimede
696 3351 774 3442 (hoc
807 3353 899 3420 enim
930 3375 1057 3421 nomen
1082 3355 1121 3422 iu

71 3463 167 3528 teitu
198 3469 263 3550 pro
293 3463 505 3542 Καλομιιῢνος
539 3455 811 3524 substituendum
844 3453 960 3525 docuit
986 3458 1118 3527 Corsin.
1179 3465 1181 3472 ’
1235 3527 1252 3552 n,
1289 3523 1290 3526 ,

68 3566 107 3631 F.
133 3563 176 3630 A.
202 3561 279 3629 diss.
301 3560 404 3646 Vlll,
435 3585 488 3634 nr.
515 3563 566 3646 15)
586 3563 714 3630 victum
729 3560 957 3628 Timotheum
977 3562 1015 3627 in
1035 3561 1120 3630 Am-

67 3664 206 3762 phipoli
239 3663 473 3759 recuperanda
503 3664 619 3748 docet,
652 3665 691 3733 id
725 3682 775 3733 est
803 3663 943 3758 Olymp’.
973 3665 1051 3746 GV,
1068 3733 1073 3754 s
1090 3689 1117 3735 t.

67 3771 204 3840 Eodem
225 3771 293 3838 iam
315 3792 403 3839 anno
432 3793 539 3864 quum
559 3767 734 3838 Perdiccas
764 3770 894 3862 ingenti
919 3766 1049 3861 proelio
1076 3770 1118 3836 ab

67 3877 201 3970 Illyriis
222 3892 395 3967 superatus
417 3872 607 3956 occidisset,
634 3873 813 3968 Philippus
839 3867 982 3965 regnum
1007 3875 1119 3966 pater-

5 4007 8 4038 ι
67 4005 157 4050 num
178 3980 331 4072 suscepit.
375 3978 542 4049 Adversus
555 3980 656 4047 ,hunc
671 4002 749 4047 vero
764 3977 920 4059 Mantias,
933 3978 1119 4046 Athenien-

69 4089 160 4155 sium
174 4102 256 4152 tuno
271 4084 431 4184 temporis
442 4086 480 4152 in
496 4082 555 4153 illa
568 4084 705 4178 regione
722 4083 916 4176 imperator,
938 4081 1117 4178 Argacum,
