2694 4784
629 310 633 336 1
671 224 829 324 ...⁷a...

164 390 169 396 ’
229 400 352 475 ierant,
386 408 443 459 aut
475 391 513 457 in
541 387 694 490 Philippi
734 402 929 482 potestatem
959 387 1178 466 transierant,
1214 387 1288 478 ipsi

229 499 402 594 plerisque
435 485 702 589 possessionibus
739 494 890 560 orbati
880 518 947 559 ram
980 509 1075 558 erant
1104 492 1290 576 continuis

229 601 415 695 Philippi
404 625 441 666 ιιι
464 597 649 694 Thraciam
677 597 999 718 impressionibus(
986 597 1105 680 (Dema
1131 585 1290 688 Olynth.

230 709 332 800 Il,p.
357 703 850 794 25),ea1umquegravissima,
875 699 1135 775 Chersonesus
1124 722 1162 764 ιιι
1186 723 1293 766 sum-

229 833 285 877 mo
309 809 510 876 discrimine.
526 807 732 886 vedebatur,
765 829 871 898 quum
893 821 982 870 tuuc.
1005 804 1071 868 ia'm
1101 826 1225 869 omnes
1251 804 1292 868 iu

198 957 201 965 ·
231 939 305 980 eam
327 913 439 1004 copias
463 909 621 1000 colligere
643 908 816 1002 Philippus
845 925 964 1000 posset.
1010 904 1204 990 Quoiuinus
1239 925 1292 974 ta-

230 1021 311 1085 men
331 1035 450 1108 pacem
472 1041 491 1080 a
512 1013 673 1107 Philippo
695 1009 867 1105 peterent,
896 1012 1009 1078 animi·
1025 1011 1190 1104 superbia
1217 1011 1290 1079 im·
1331 1039 1332 1092 y

230 1120 398 1214 pediebat.
442 1119 521 1185 Post
542 1136 673 1209 captam
691 1115 879 1208 Olynthum
902 1129 1056 1195 oratores,
1079 1116 1287 1198 Aeschines,

232 1243 305 1292 tum
328 1223 437 1312 adhue
459 1245 535 1291 osor
557 1219 724 1313 Philippi,·
742 1218 891 1302 Eubulus
918 1223 1057 1312 ipseque
1096 1218 1194 1287 hand
1218 1221 1286 1286 mi·
1331 1267 1332 1318 y

134 1365 136 1372 ⁴
231 1331 324 1396 nime
346 1315 588 1395 Demosthenes
610 1323 775 1418 populum
787 1325 980 1404 incitabant,
1004 1317 1040 1390 ut
1060 1322 1187 1418 legatos
1202 1327 1282 1391 mit·
1331 1321 1332 1396 J

197 1449 318 1520 steret
340 1432 383 1500 ad
405 1430 484 1502 alias
508 1430 668 1497 Graeciae
697 1431 859 1508 civitates,
892 1429 1035 1494 maxime
1063 1419 1332 1520 Peloponne·

141 1517 144 1528 Ι
232 1541 346 1616 siccas,
360 1533 514 1601 adversus
530 1532 726 1627 Philippum
742 1532 939 1601 excitandas.
972 1533 1084 1597 Dem.
1088 1561 1120 1600 π.
1135 1559 1332 1622 παραπρμ

232 1669 268 1735 Ρ
290 1639 488 1729 344439
508 1637 615 1706 Diod.
634 1638 725 1718 XVI,
750 1637 800 1724 54
848 1639 950 1720 Quas
963 1653 1076 1702 tamen
1104 1636 1291 1705 exhortan

232 1746 322 1812 tibus
346 1745 577 1866 obtemperare
591 1722 817 1836 prohibebant
839 1765 909 1809 non
930 1759 996 1808 tem
1015 1737 1153 1822 desidia,
1177 1765 1332 1856 quam

232 1851 566 1940 intestinaeipsarum
586 1847 714 1913 turbae.
746 1846 787 1912 V
804 1851 907 1937 nostr.
920 1869 981 1937 cap
994 1844 1052 1926 [54
1064 1869 1115 1910 ιιι.
1136 1847 1167 1916 5.
1181 1831 1332 1912 -At

140 1997 144 2006 ·
231 1953 429 2053 Philippus
420 1959 547 2018 interea
568 1952 640 2040 ipse
662 1973 697 2016 se
720 1929 979 2018 Atheniensibus
1001 1950 1099 2041 pacis
1112 1967 1289 2019 amantem

188 2075 191 2078 ·
233 2055 393 2122 offerebat
403 2053 485 2121 rude
494 2055 538 2120 ab
552 2052 690 2156 Olymp
707 2053 858 2121 CVIlla.
877 2078 903 2122 ι.
943 2054 1056 2145 Atque
1063 2074 1218 2144 primum
1231 2053 1287 2120 le·-

234 2161 302 2250 gati
317 2148 539 2266 Euboeeuses,
553 2156 596 2226 de
607 2182 691 2251 pace
705 2157 846 2226 Athenis
865 2175 1007 2250 egentes,
1023 2158 1127 2226 iussos
1142 2159 1285 2252 qnoque
1331 2219 1332 2226 ,

234 2288 270 2329 sc
293 2287 362 2352 esse
384 2289 403 2330 a
425 2262 586 2356 Philippo
610 2261 783 2344 dicebant,
804 2280 841 2329 ut
864 2263 1124 2330 Atheniensibus
1147 2285 1279 2330 aunun-

235 2343 388 2452 ciaconus
408 2367 493 2434 uelle
513 2391 556 2434 'se
590 2391 667 2441 eum
694 2369 740 2434 eis
768 2369 953 2460 transigere
974 2391 1158 2460 pacemque
1177 2365 1272 2431 inire.

141 2533 144 2538 .
233 2473 312 2540 Non
334 2471 541 2564 multolpost
562 2474 699 2567 Phryne
721 2472 944 2539 Rhamnusius
971 2472 1060 2539 inter
1083 2469 1278 2565 Olympicus

233 2577 385 2646 inducias
408 2577 676 2668 alprnedonihue
692 2577 921 2645 Macedonicis
932 2593 1049 2668 captus
1065 2593 1123 2657 est,
1145 2573 1282 2642 redem-

232 2699 379 2774 ptusqua
402 2677 508 2772 quum
529 2681 678 2747 Athenas
697 2677 858 2762 rediisset,
880 2680 1017 2771 rogabat
1032 2677 1207 2774 populum,
1232 2679 1285 2746 le-

234 2793 349 2876 gatum*
370 2785 424 2850 sui
445 2783 608 2850 causaTad
630 2780 829 2873 Philippum
851 2802 888 2851 nt
908 2787 1066 2866 mitteret,
1087 2784 1285 2876 pecuniam,

235 2914 303 2980 qua
323 2885 548 2966 redimerese
570 2903 707 2954 mactus
725 2905 821 2970 esset,
843 2890 1096 2982 requisiturum.
1141 2889 1287 2984 Missus-

235 3017 304 3085 que
324 2989 606 3082 tenacissimos
629 3007 687 3059 est.
731 2993 801 3077 Qui
825 3003 931 3085 quum
953 3011 1038 3062 esset
1055 2994 1205 3062 Athenas
1227 3017 1288 3076 re-
1331 3013 1332 3026 ¹

232 3095 500 3189 verines-paoem
518 3095 718 3192 Philippum
748 3099 932 3168 exanimo
956 3097 1288 3192 bptare'rentmcia-

183 3193 191 3207 ⁸
232 3201 299 3267 bat
318 3229 323 3236 ·
345 3193 445 3268 lbae'c
466 3199 628 3294 populus
653 3224 782 3271 summa
811 3199 935 3270 laetitia
961 3204 1113 3296 necepity
1144 3219 1178 3269 et
1209 3211 1286 3271 nn'o

233 3309 348 3372 animo
363 3305 600 3398 »comprobarit
621 3307 804 3387 decretum,
828 3306 920 3398 quod
943 3286 1014 3376 tuin
1026 3309 1183 3400 'primum
1200 3306 1286 3374 Phi-

197 3421 200 3434 '
231 3408 382 3492 loorntes
387 3409 579 3501 {sigharius
576 3408 683 3478 tulit:
708 3410 823 3476 licere
838 3411 998 3504 Philippo
1023 3409 1284 3480 caduceatorem

232 3515 427 3607 legatosque
457 3517 563 3608 pacis
561 3514 768 3582 ineundae
762 3536 870 3580 cansa
889 3516 1035 3608 Athenas
1054 3515 1190 3608 'rlegare
1237 3517 1285 3584 Et

234 3616 453 3714 quamquain
450 3635 603 3685 eontra
614 3617 802 3686 decretum
817 3617 885 3684 eius
903 3601 1056 3710 Lyeinn's
1080 3618 1285 3706 violatarum

233 3723 365 3813 legum
371 3723 629 3808 acbusatibniem
632 3721 855 3804 instituerat,
892 3723 1134 3806 nihilomiuus,
1154 3725 1280 3792 Demo·-

233 3825 746 3920 stlteucupatronoassumpte,
777 3827 983 3896 Philocrates
1022 3827 1190 3896 absolutus
1223 3843 1278 3898 est.

235 3931 307 3999 stab
330 3927 446 4000 eidem
467 3950 620 4025 tempora
634 3933 877 4013 Athenienses„
909 3949 945 4000 ut
975 3927 1089 4025 reptos
1116 3935 1155 4000 iu
1177 3957 1283 4024 expe«

235 4033 558 4130 gnutien'easslynthi
580 4034 669 4122 cives
684 4035 955 4130 apscedamsuos
974 4036 1178 4122 liberarent,
1202 4039 1283 4130 Ari-
