2740 4774
104 481 240 553 necere
267 490 337 558 ταῖς
365 471 464 562 tionis,
495 476 574 550 lineo
596 474 729 546 δυνατὸν
750 465 804 564 ἦν,
830 482 873 556 είς
894 469 1008 548 celaia
1030 485 1150 552 αανδαι

104 597 188 654 κεῖαν
212 583 399 663 entolina,
446 578 617 670 ὁρῶντες
657 582 771 648 αὐτὸν
812 585 850 650 ἓν
889 592 936 671 τῇ
973 588 1149 679 πρατίρρ

104 692 304 780 αρεαβείρι
325 692 444 754 πᾶσιν
466 687 606 763 αὐτοῖς
628 687 997 769 ἐπιβεβουλευκότα·
1097 705 1101 712 ’

188 795 366 881 Per-gimus
396 793 555 858 continuo
578 788 621 855 ad
643 787 815 856 decretum
837 799 1047 884 sequenslp.
1071 795 1149 878 238)

104 897 150 964 de
183 896 327 968 excubiis
359 893 504 986 fugaque
527 918 562 959 ex
586 895 672 984 agris
696 893 906 986 capessenda.
952 897 1069 988 Itaque
1095 897 1148 966 le-

104 989 191 1093 gati,
216 1002 266 1066 ius
288 995 470 1064 iurandum
491 999 582 1090 pacis
605 1023 624 1064 a
646 996 805 1090 Philippo
828 1001 991 1084 exacturi,
1022 1002 1148 1094 Muny-

103 1106 228 1172 chione
262 1095 312 1168 lII
353 1102 494 1170 Athenis
530 1102 673 1186 abeunt3
717 1119 930 1170 revertuntur
964 1103 1148 1196 Sciropho·

105 1197 201 1276 mone
225 1207 324 1286 XIII,
357 1203 572 1297 eiusdemque
595 1209 717 1272 mensis
743 1206 823 1273 XVI
851 1205 892 1276 ad
913 1206 1077 1298 populum
1099 1210 1148 1278 le-

104 1312 247 1404 gationis
285 1327 440 1376 eventum
475 1312 686 1378 renunciant.
739 1311 781 1378 V.
815 1333 917 1402 supra
946 1335 980 1402 p.
1015 1336 1069 1380 tot
1114 1331 1146 1384 et

78 1445 80 1452 ’
107 1417 180 1488 105.
226 1415 267 1480 ln
291 1413 407 1480 eadem
419 1416 592 1495 concione,
617 1439 723 1506 quum
736 1415 893 1482 nunciato
909 1416 976 1482 iam
993 1415 1145 1510 Philippi

103 1519 148 1588 ad
162 1517 405 1609 Thermopylas
435 1514 578 1584 adventu
606 1515 778 1584 decretum
800 1519 843 1584 sit
850 1555 860 1600 t
891 1536 928 1586 ut
957 1519 1144 1592 Phocenses

104 1621 268 1713 templum
291 1619 498 1713 Delphicum
528 1621 832 1714 Amphictyonibus
858 1625 1043 1706 restituant,
1066 1649 1146 1693 con·

102 1729 201 1797 tinuo
235 1749 368 1818 eorum,
415 1727 474 1816 qui
503 1722 603 1794 modo
637 1723 678 1790 de
709 1724 874 1818 legatione
901 1731 1023 1794 reversi
1057 1747 1145 1813 sunt,

101 1829 274 1923 plerisque
297 1854 382 1898 nova
404 1827 447 1922 ad
468 1829 664 1922 Philippum
676 1827 797 1922 legatio
811 1827 1039 1898 demandatur.
1076 1831 1146 1902 Sed

101 1933 346 2008 Demosthenes
376 1931 577 2026 legationem
608 1935 728 2018 eiurat3
751 1934 933 2005 Aeschines
956 1934 1146 2006 valetudine

102 2029 258 2108 simulata
280 2040 333 2104 sui
354 2039 434 2105 loco'
451 2037 589 2104 fratrem
611 2039 791 2106 substituit.
836 2039 879 2106 V.
902 2063 1003 2130 supra
1023 2064 1058 2131 p.
1085 2041 1144 2109 105

104 2161 139 2210 et
170 2145 240 2210 108.
287 2141 374 2208 Cum
400 2141 465 2216 hoc
495 2144 613 2222 ceteri,
648 2143 708 2234 qui
734 2144 839 2210 creati
871 2160 966 2226 sunt,
993 2167 1057 2236 per
1077 2135 1147 2210 Eu·

103 2247 224 2316 hoeam
252 2243 295 2312 ad
319 2244 563 2338 Thermopylas
590 2245 752 2330 tendunt3
797 2249 934 2330 interim
960 2270 1037 2316 vero
1060 2247 1147 2316 Pha·

103 2351 218 2440 laecus
238 2349 436 2442 Scirophor.
462 2350 580 2416 XXIII
604 2374 681 2416 cum
704 2348 863 2443 Philippo
885 2351 1079 2442 paciscitur,
1110 2369 1152 2425 ut
1214 2338 1218 2358 ¹

105 2455 172 2522 sibi
199 2455 343 2522 immuni
372 2454 465 2520 abire
484 2451 599 2534 liceat,
622 2452 680 2520 ille
704 2453 948 2546 Thermopylas
971 2472 1007 2530 et,
1025 2455 1147 2524 Phoci-

106 2558 187 2626 dem
216 2575 374 2651 cccupet3
406 2581 473 2649 qua
507 2556 549 2624 de
583 2580 620 2624 rc
642 2557 898 2626 Atheniensium
919 2556 1020 2648 legati
1041 2559 1147 2638 Chal»

107 2661 183 2730 cide
213 2663 369 2732 certiores
391 2660 492 2743 lacti,
513 2663 699 2753 interrppto
727 2679 865 2754 repente
888 2663 1019 2746 itinere,
1041 2665 1147 2733 Athe-

103 2789 164 2834 nas
174 2783 345 2858 repetunt,
359 2785 542 2857 eorumque
559 2765 721 2859 Dercylus
741 2766 999 2858 Sclrophorione
1013 2769 1147 2837 XXVII

105 2871 311 2965 congregatis
339 2872 376 2937 in
409 2871 544 2938 Piraeeo
577 2871 836 2938 Atheniensibus
865 2889 976 2938 actum
1005 2869 1073 2938 iam
1102 2872 1147 2942 de

103 2974 334 3042 Phocensibus
368 2997 436 3042 esse
466 2976 614 3042 nunciat
671 2977 745 3058 Qua
774 2998 811 3040 re
840 2974 954 3042 audita
974 2976 1146 3065 perterriti
1226 3015 1229 3022 »

104 3079 326 3148 Athenienses
350 3079 525 3161 continuo,
558 3079 623 3146 hoc
645 3096 695 3145 eat
715 3101 754 3144 eo
776 3079 849 3170 ipso
884 3075 939 3144 die
978 3094 1036 3144 aut
1057 3098 1147 3148 certe

104 3187 255 3278 proxime
277 3185 479 3275 insequenti,
503 3181 708 3250 Callisthene
720 3197 863 3258 auctore¹
871 3180 1071 3249 decernunt:
1094 3186 1146 3250 nol

104 3291 222 3366 παῖδας
248 3291 299 3358 καί
328 3297 474 3374 γυναῖκας
503 3287 535 3356 ἔκ
563 3291 626 3354 τῶν
657 3284 761 3372 ἀγρῶν
788 3288 1000 3369 κατακομίζειν
1027 3289 1078 3370 καί
1106 3313 1148 3356 τα

105 3393 244 3482 φρούρια
277 3392 479 3473 ἐπισκευάζειν
518 3394 568 3460 καί
600 3389 656 3458 etv
687 3393 824 3478 Πειραιᾶ
857 3392 994 3474 τειχίζειν
1028 3392 1079 3457 καί
1106 3417 1148 3458 τα

100 3492 273 3584 Ἡράκλεια
294 3493 326 3564 ἓν
346 3497 432 3566 ἄστει
452 3495 550 3564 θίαν.
595 3495 692 3562 Dem.
715 3523 748 3561 a.
770 3517 909 3582 ααρααρ.
931 3518 966 3585 ρ.
981 3493 1044 3564 368
1067 3493 1145 3561 coll.

106 3588 182 3689 379.
225 3604 265 3666 V.
289 3624 313 3666 s.
341 3627 375 3692 p.
403 3601 463 3668 106
484 3625 531 3692 sq.
560 3622 619 3688 109
641 3618 691 3690 sq.
737 3597 787 3665 Eo
808 3599 881 3688 ipso
904 3616 1053 3688 tempore
1066 3597 1146 3664 Phi-

104 3701 221 3796 lippus
250 3703 430 3772 Phocidem
451 3695 616 3796 ingressus
638 3703 748 3783 urbes,
772 3723 857 3792 quae
878 3703 1027 3768 resIstere
1049 3725 1146 3768 ausae

106 3824 206 3888 sunt,
228 3808 261 3874 vi
283 3810 373 3898 cepit
394 3825 427 3874 et
448 3809 583 3888 evertit,
605 3810 642 3872 i'n
664 3804 816 3896 reliquis,
830 3819 925 3898 'quae
947 3821 1073 3897 sponte·
1088 3805 1147 3872 de-

107 3911 272 3982 ditionem
285 3909 441 3992 fecerant,
460 3910 623 4004 praesidia
644 3909 822 3976 constituit.
846 3910 888 3974 V.
902 3933 926 3974 s.
941 3935 974 4000 p.
995 3909 1052 3976 113
1073 3931 1147 4002 sqq.

156 4031 160 4037 ·
195 4016 248 4080 De
269 4015 332 4082 illo
357 4015 570 4082 Callisthenis
594 4014 728 4080 decreto
754 4011 927 4079 manifesto
950 4013 1149 4080 Demosthe·

107 4143 168 4188 nes
190 4135 238 4190 or.
260 4106 303 4188 de
325 4142 392 4190 cor.
415 4135 449 4212 ρ.
473 4121 553 4211 α37,
577 4119 841 4202 commemoratis
863 4118 955 4186 vania
978 4115 1047 4184 illis
1068 4139 1149 4208 pro·

791 4223 835 4293 21
