2694 4784
536 287 579 366 85

477 385 636 404 *a*

60 487 154 534 censes
186 465 284 534 armis
314 464 422 535 orhati
451 483 485 534 et
517 467 599 534 vicis
627 465 815 536 inhabitare
851 467 958 538 coacti
992 483 1081 538 tunt.

60 573 152 656 Quam
181 583 303 638 sortem
331 571 490 638 miserm
518 587 557 638 ut
578 571 792 662 aufugerent,
813 593 933 661 magna
966 594 1083 642 eorum
1196 569 1197 574 ’

60 697 120 767 pars
139 671 246 740 exules
267 669 618 766 petria'excesrerunt.
664 673 717 742 Cf.
731 675 828 742 Dem.
852 671 874 740 Ι.
897 699 926 742 c.
948 699 983 768 p.
1006 679 1082 746 366.

62 777 92 844 de
109 799 186 870 pace
206 800 241 867 p.
261 775 316 844 61.
361 777 455 861 Quae
475 801 578 871 porro
599 777 772 872 hucusque
799 781 838 845 in
859 778 1083 872 Amphictyo-
1136 793 1138 798 '
1198 771 1202 780 ’

64 881 140 950 uibus
160 881 233 946 iura
253 879 450 949 chonebmt
468 881 666 962 Phocenses,
688 876 781 948 nunc
803 881 871 947 iam
892 884 929 948 in
952 883 1083 977 Philip-

67 1008 124 1076 pun
156 981 275 1052 collata
309 996 404 1066 sunt,
437 1001 476 1052 ut
503 983 563 1052 ille
583 979 721 1052 'dehinc
751 1008 868 1054 eorum
896 984 970 1055 loco
1000 989 1083 1055 Am-

64 1087 198 1180 phictyon
234 1105 269 1155 et
300 1087 521 1180 Pythieomm
553 1087 714 1157 ludorum
750 1111 882 1183 praeses
921 1091 1082 1160 existeret.
1210 1087 1213 1092 ’

62 1193 139 1260 Bem.
169 1191 192 1258 l.
226 1217 255 1260 e.
285 1215 319 1286 p.
355 1192 432 1279 445.
483 1192 641 1286 Denique
667 1217 790 1288 magna
814 1193 971 1262 Phocidis
992 1221 1081 1288 pars,

63 1313 87 1362 et
101 1296 204 1387 plures
225 1297 264 1362 in
284 1297 421 1366 Boeotia
442 1295 554 1379 urbes,
577 1297 822 1381 Orchomenus,
845 1297 991 1382 Corsiae,
1015 1299 1082 1367 Co-

63 1423 142 1468 ronea
167 1401 204 1468 in
234 1398 478 1468 Thebanorum
507 1399 671 1470 ditionem
699 1419 877 1470 cesserunt
927 1403 1026 1470 Dent.
1056 1401 1079 1468 l.

64 1527 83 1570 e.
105 1529 135 1597 p.
162 1508 234 1576 385.
258 1501 301 1569 de
330 1529 415 1596 pace
439 1531 474 1598 p.
505 1505 559 1572 Ga.
610 1506 740 1588 Quibus
764 1506 948 1574 exacerbati
977 1505 1082 1573 Athe-

63 1609 169 1676 nienses
202 1631 316 1700 neque
351 1606 477 1699 legatos
516 1606 560 1675 ad
588 1607 879 1701 Amphictyonum
900 1610 1083 1678 concilium
1197 1628 1199 1634 ’

64 1735 108 1778 rec
127 1713 255 1783 theoros
286 1711 329 1780 ad
350 1710 448 1786 ludos
470 1711 642 1805 Pythicos,
671 1713 732 1804 qui
762 1711 879 1781 eodem
910 1735 1000 1780 anno
1028 1737 1083 1781 ce-

66 1801 266 1900 ithrahantur,
294 1817 468 1886 miserunt.
513 1817 610 1883 Dem.
640 1805 664 1882 l.
687 1840 715 1883 c.
736 1840 772 1908 p.
795 1817 859 1884 380
885 1841 936 1908 sq.
980 1816 1082 1884 Unde

68 1917 213 2012 Philippus
234 1943 313 1990 suos
335 1919 641 2012 Thessalorumque
673 1919 798 2015 legatos
826 1919 976 1988 Athenas
1004 1924 1084 1988 mit-

67 2039 115 2089 tue
138 2042 266 2094 coactus
288 2039 354 2107 est,
384 2025 444 2117 qui
472 2023 735 2092 Atheniensibus
755 2022 1011 2116 persuaderent,
1045 2043 1083 2092 ut

28 2131 29 2134 ’
67 2146 210 2220 receptum
240 2153 276 2196 se
313 2131 351 2196 in
380 2127 669 2222 Amphictyonum
695 2151 875 2196 numerum
902 2151 961 2194 sua
998 2153 1084 2221 quo-

28 2259 30 2330 j
69 2252 116 2318 que
133 2235 294 2302 sententia
315 2233 565 2313 confirmarent,
608 2231 707 2300 Dem.
736 2231 760 2299 i.
784 2257 812 2300 e.
841 2259 876 2332 p.
899 2233 974 2322 375.
1018 2234 1084 2299 Per

28 2369 29 2404 t
70 2355 145 2422 quam
164 2339 372 2406 occasionem
392 2335 634 2404 Demosthenes
654 2336 839 2404 orationem
854 2334 897 2404 de
918 2359 1002 2428 prce
1022 2335 1083 2402 ha-
1203 2347 1204 2350 ’
1318 2331 1319 2340 ’

70 2433 151 2505 huisse
169 2441 278 2510 fertur
298 2441 399 2510 Dion.
414 2441 457 2508 H.
481 2437 548 2530 (ep.
572 2435 616 2503 ad
630 2439 741 2506 Amm.
756 2441 787 2528 S.
804 2463 851 2508 to.
896 2438 949 2510 (ii.
964 2457 1082 2532 argmt.

77 2539 199 2617 cdDem.
221 2569 272 2618 or.
295 2545 352 2634 tt),
375 2543 513 2638 Olymp.
539 2540 661 2623 CVlII,
683 2543 716 2612 3.

456 2739 665 2762 Μ

132 2867 237 2937 Rebus
267 2869 313 2936 ita
330 2889 403 2936 suo
435 2867 558 2936 ordine
586 2865 738 2960 expositis
772 2882 806 2932 et
838 2865 880 2931 ed
912 2867 1083 2934 veritatem

71 2973 196 3056 excusis,
220 2973 264 3041 ad
287 2973 424 3040 alter'am
446 2971 682 3063 disputationis
704 2969 805 3035 huius
822 2986 950 3061 partem
967 2969 1008 3036 de
1030 2993 1084 3036 re-

69 3088 125 3137 rum
143 3075 234 3145 iustis
257 3077 461 3169 temporibus
468 3073 612 3159 ,multo
636 3072 860 3142 difficiliorem
883 3099 956 3140 eam
977 3091 1010 3140 et
1031 3075 1084 3139 in-

69 3173 246 3248 lu'tatiorern
276 3179 519 3248 descendimus.
566 3180 658 3262 Quae
681 3201 788 3270 quum
805 3177 947 3245 maxime
966 3199 1085 3244 monu-

28 3361 29 3376 .
69 3285 164 3350 uentis
189 3285 353 3380 publicis,
375 3284 456 3351 huic
479 3283 635 3351 orationis
657 3282 744 3374 parti
765 3283 916 3362 insertis,
938 3297 1086 3361 veretur,

28 3385 29 3390 ’
69 3385 360 3458 sutinaceedentes
383 3387 427 3454 ad
449 3411 521 3454 eam
543 3383 743 3454 offendimus
763 3385 800 3452 in
815 3386 968 3452 universa
982 3383 1087 3478 primi
1144 3407 1145 3410 ¹
1262 3451 1265 3458 ,

70 3475 171 3558 decreti
193 3492 236 3561 de
259 3489 486 3559 iureiurando
509 3489 698 3582 aPhilippo
712 3487 870 3581 exigendo
893 3488 1086 3556 conditione

71 3603 209 3682 Perquam
231 3594 414 3689 desperato,
438 3618 540 3686 quam
554 3594 728 3690 explorare
743 3592 979 3688 iilustrareque
991 3581 1086 3684 prius

71 3703 269 3770 necessarium
291 3725 362 3768 esse
383 3721 566 3768 censemus.

71 3887 90 3932 ²·
119 3898 150 3966 pt
173 3886 245 3954 235.
268 3883 429 3974 ψήφισμα.

137 3998 315 4074 Decretum
334 4005 400 4074 hoc
422 4021 495 4074 tum
518 3997 611 4097 quod
633 4001 676 4068 ad
690 4013 744 4071 ‘res
758 4003 887 4084 attinet,
909 4017 982 4068 tum
996 3996 1090 4094 quod

72 4093 103 4160 id
120 4117 273 4208 tempora,
295 4108 550 4180 intricatissimis
572 4105 673 4177 nodis
693 4106 890 4178 obstrictum
917 4124 976 4176 est.
1021 4103 1090 4190 Qui
