2750 4772
703 314 858 422 Qu·

263 489 357 567 lium,
380 506 603 578 coeptumque
631 487 852 552 Demosthene
883 483 1021 577 quidem
1044 500 1190 561 auctore,
1214 505 1297 549 noua

254 594 342 660 -dam
374 607 484 658 tamen
507 593 579 682 ipso
608 590 775 657 moenium
805 607 956 656 curatore
985 606 1112 673 erecto,
1140 587 1297 654 continuo

264 723 349 792 opus
380 719 464 774 esse,
500 711 533 760 et
561 691 731 760 destinatis
765 689 868 756 semel
901 717 941 758 ex
974 693 1100 758 semrio
1133 690 1298 782 pecuniis,

264 802 415 894 quamvis
438 821 514 864 mor
537 815 712 863 consecuta
735 819 796 887 per
819 813 912 874 esset,
936 813 1047 862 tamen
1061 795 1298 862 continuatum.

266 904 496 990 Quamobrem
528 917 665 968 exeunte
694 899 832 990 Olymp.
858 900 930 981 CX,
953 902 990 981 3,
1024 893 1125 992 opere
1146 895 1300 965 nondum

264 1007 430 1085 consecto,
466 1007 568 1072 n'ovos
603 993 672 1070 esse
705 1027 745 1070 ex
772 1001 904 1072 decreto
921 1003 1168 1070 Demosthenis
1199 1027 1300 1086 τειχο-

263 1112 372 1187 ποιοῦς
404 1126 530 1176 creatos
567 1107 609 1174 ad
642 1131 727 1199 opus
759 1107 949 1198 insequenti
978 1104 1066 1173 enno
1101 1107 1300 1174 continuan-

265 1216 365 1298 dum3
401 1214 490 1279 iuter
523 1213 583 1280 hos
617 1211 754 1276 demum
790 1234 892 1278 novos
929 1213 1101 1277 moenium
1135 1227 1300 1277 curatores

263 1317 405 1386 electum
444 1318 542 1384 etiam
576 1315 834 1382 Demosthenem
874 1339 958 1396 esse,
999 1317 1077 1406 qui,
1112 1337 1217 1408 quum
1246 1325 1302 1380 ex·'

263 1423 400 1492 haustae
433 1421 499 1486 iam
535 1437 686 1512 tempore
724 1417 877 1510 puhlic'ae
913 1421 1073 1511 pecuniae
1103 1417 1227 1498 essent,
1242 1415 1302 1483 ‘ad

263 1524 510 1620 perficiendum
549 1547 632 1616 opus
663 1526 726 1590 tria
760 1521 879 1591 ulenu
913 1522 955 1589 de
993 1522 1130 1612 proprio
1164 1521 1303 1612 largitus

263 1646 350 1698 esset
376 1626 522 1720 olymp.
554 1628 633 1706 CX,
674 1627 694 1709 4
733 1629 888 1708 ineunte,
919 1646 965 1694 ,ut
994 1627 1033 1693 lis
1064 1625 1105 1693 ah
1135 1624 1304 1692 Aeschine

263 1736 390 1800 intenta
409 1732 545 1798 demum
568 1732 611 1796 sit
632 1727 780 1797 eiusdem
803 1733 881 1796 anni
897 1755 1009 1800 mense
1024 1727 1303 1822 Elaphebolionc,

264 1856 355 1904 sexto
386 1853 465 1904 onte
491 1857 593 1925 quem
631 1853 779 1902 mortuus
818 1834 995 1926 Philippus
1028 1851 1113 1902 esset
1153 1857 1302 1927 eumque

262 1941 459 2008 subsecutus
485 1935 686 2005 Alexander.
744 1938 808 2004 Cui
841 1940 1006 2006 institutae
1045 1938 1183 2005 actionis
1217 1955 1304 2004 tem-

262 2045 341 2136 pori
366 2037 568 2134 competere‘
585 2059 673 2108 certe
699 2042 873 2108 Aeschinis
900 2041 998 2108 verba
1020 2039 1175 2108 videntur
1201 2040 1302 2108 haec:

259 2147 426 2232 ἀπηνέχθῃ
454 2142 578 2229 simiis
599 2150 689 2214 τοῦδε
710 2139 767 2212 rosi
788 2150 992 2234 ψηφίσματος
1017 2145 1142 2234 γραφή,
1174 2145 1214 2231 ἢν
1243 2145 1304 2230 οὐχ

262 2249 339 2337 ὑπὲρ
362 2255 419 2334 τῆς
439 2247 557 2326 πόλεως
577 2249 644 2316 ἀλλ’
674 2246 751 2336 ὑπὲρ
780 2256 837 2334 τῆς
863 2252 907 2325 εἰς
923 2250 1126 2335 Ἀλέξανδρον
1147 2249 1304 2328 ἐνδείξεώς

262 2379 300 2438 με
318 2353 386 2441 φῂς
407 2352 579 2438 ἄπενιγκεῒν
600 2353 644 2420 ἔτι
670 2355 826 2420 Φιλίππου
849 2355 976 2435 ζῶντος,
1006 2355 1078 2440 πρὶν
1099 2353 1303 2440 Ἀλέξανδρυν

259 2459 305 2534 εἰς
326 2455 382 2540 τὴν
404 2454 505 2542 ἀρχὴν
533 2463 723 2544 καταστῆναι
754 2458 802 2538 (in
835 2455 922 2542 Ctes.
952 2483 985 2548 p.
1009 2461 1050 2524 85
1081 2457 1154 2546 in).
1200 2456 1304 2524 Obii-

263 2561 370 2626 ciehat
402 2559 644 2627 Demosthenes
672 2559 848 2638 Aeschini,
877 2559 969 2651 quod
1001 2560 1166 2630 actionem
1196 2559 1304 2628 studii

263 2667 299 2730 in
337 2661 566 2730 Alexandrum
601 2663 788 2731 ostentandi
826 2689 923 2730 causa
959 2665 1172 2747 instituisset,
1208 2663 1304 2758 quod

260 2769 409 2834 obiicere
430 2768 541 2834 minus
564 2789 664 2859 posse
685 2767 852 2848 videatur,
884 2768 911 2834 si
934 2791 1030 2852 causa
1052 2766 1161 2837 delata
1183 2767 1227 2834 ad
1248 2793 1303 2835 ar-

262 2871 419 2938 chontem
446 2873 490 2938 sit
523 2869 788 2963 Elaphebolioue
812 2869 951 2964 Olymp.
975 2869 1049 2951 CX,
1072 2873 1109 2953 3,
1137 2870 1302 2940 duodevi-

263 2974 346 3066 ginti
377 2997 505 3041 meuses
535 2991 611 3042 aute
633 2970 795 3045 ‚mortem
809 2974 975 3068 Philippi,
1010 2992 1067 3040 aut
1097 2975 1303 3044 Aeschinem

261 3096 350 3144 certe
381 3079 513 3144 mireris
549 3077 594 3144 sd
620 3078 851 3171 opprobrium.
875 3077 964 3146 istud
996 3081 1180 3146 accuratius
1211 3077 1302 3147 desi-

259 3179 433 3272 gnandum
448 3183 619 3251 institutae
633 3183 772 3250 actionis
785 3201 915 3274 tempus
930 3181 1159 3275 dereliquisse,
1175 3205 1301 3276 nempe

261 3283 357 3378 quod
375 3285 513 3354 hiennio
535 3285 605 3362 iere
635 3305 710 3353 ante
733 3305 874 3354 mortem
902 3285 1053 3378 Philippi
1086 3284 1128 3353 ad
1156 3286 1302 3356 archou-

260 3409 328 3456 tem
350 3387 458 3456 delata
480 3393 532 3457 sit.
577 3391 622 3455 At
643 3390 725 3456 haec
739 3387 932 3483 explicanda
944 3409 1022 3457 sunt
1043 3389 1110 3459 alio
1133 3413 1300 3484 quocum-

258 3493 460 3586 quemodo.
505 3491 560 3559 Ad
589 3477 826 3584 perier-tendor
856 3496 1040 3586 superiores
1069 3493 1214 3562 calculos
1235 3518 1301 3563 no-

259 3616 343 3665 stros
376 3594 486 3664 valere
519 3613 607 3664 certe
629 3619 698 3664 non
731 3615 888 3689 possunt,
935 3621 1018 3690 quos
1034 3647 1038 3656 .
1053 3598 1112 3690 qui
1144 3613 1301 3666 accurate

259 3703 437 3768 excusserit
469 3723 547 3768 cum
573 3702 626 3768 vix
656 3698 863 3769 crediturum
890 3702 1051 3784 arbitror,
1086 3700 1217 3770 decimo
1238 3700 1302 3770 de-

255 3823 352 3872 mum
373 3825 486 3872 meuse
514 3821 591 3897 post
611 3802 742 3873 cladem
769 3802 812 3871 ad
843 3804 1070 3873 Chaeroneam
1098 3806 1301 3888 Demosthe-

257 3933 336 3978 nem
357 3911 526 3978 moenium
544 3926 824 3994 esse'curatorem
846 3908 999 3990 electum,
1021 3906 1125 4001 idque
1150 3909 1195 3976 ad
1215 3931 1302 3977 con-

203 4071 204 4074 ,
256 4012 458 4082 uouendum
495 4037 554 4088 seu
585 4007 823 4082 absolvendum
850 4027 943 4105 opus
993 4014 1168 4106 Repugnat
1193 4014 1303 4106 igitur

255 4118 310 4185 isti
340 4118 510 4210 opinioni,
540 4140 584 4186 ne
612 4117 655 4184 ad
684 4114 922 4188 'Chaerondam
951 4117 1157 4210 confugiam,
1190 4141 1300 4212 quem
