2694 4784
238 457 242 472 ‘
271 463 376 548 'utque
405 454 630 539 a'rocietate,
661 477 766 548 quam
780 452 1110 548 ‘perniciosissimam
1139 449 1202 529 sibi
1232 471 1304 524 moa

273 576 382 626 essent
403 560 588 652 experturi,
619 559 839 640 abstinerent,
868 557 1077 630 cohortatum
1104 581 1173 625 esse
1200 560 1305 627 refert.

270 663 358 731 Phil.
382 663 423 730 ll.
445 687 481 756 p.
505 685 556 752 70·
602 661 663 730 llis
687 661 874 756 legatorum
903 663 1040 732 monitis
1069 663 1306 756 obtemperasse

269 770 421 862 primum
454 769 599 834 civitates
633 765 710 836 illae
743 769 901 837 videntur
927 765 965 857 (l.
995 791 1024 834 c.
1052 791 1088 860 p.
1119 769 1186 858 72).
1237 770 1305 852 Quo

268 871 468 965 perterritus
490 870 686 964 Philippus,
718 870 837 941 cedere
865 871 1127 952 Atheniensibus
1148 873 1195 940 in
1215 899 1305 966 prae-

269 977 375 1044 sentia
406 973 525 1042 maluit
552 992 586 1042 et
613 1000 752 1070 operam
773 975 896 1058 dabat,²
916 993 956 1064 ut
982 1000 1101 1044 corum
1130 979 1306 1045 amicitiam

99 1105 106 1128 ο
191 1142 193 1147 .
268 1082 333 1150 sibi
346 1071 551 1173 conciliaret,
575 1096 608 1147 et
620 1083 789 1149 sociorum
803 1080 937 1148 tolleret
949 1081 1187 1173 suspicionem.
1230 1083 1306 1149 Mis·

157 1219 159 1225 ·
265 1188 314 1253 sis
336 1185 443 1276 igitur
462 1182 505 1249 ad
526 1184 745 1252 Athenienses
768 1185 885 1277 legatis
917 1185 1198 1280 conquerebatur,
1221 1185 1306 1278 quod

266 1292 389 1358 iniuste
411 1305 445 1355 et
464 1285 624 1357 malevole
646 1288 736 1384 apud
748 1307 871 1358 ceteras
887 1289 1050 1357 Graeciae
1063 1291 1212 1358 civitates
1234 1313 1307 1360 con-

157 1443 159 1446 -
265 1397 370 1462 tinuis
392 1417 463 1461 sese
497 1393 788 1462 criminationibus
813 1391 1115 1490 persequerentur,
1150 1397 1305 1488 quamvis,

267 1521 490 1593 quaecunque
510 1499 602 1590 pacis
623 1497 804 1566 servandae
825 1499 1138 1591 gratia-exigerent,
1160 1498 1307 1566 libentis-

265 1605 350 1672 sime
372 1605 420 1670 eis
442 1600 626 1696 gratificari
646 1600 754 1671 vellet.
800 1603 889 1671 Cum
903 1603 966 1671 hac
977 1601 1132 1697 Philippi
1146 1603 1303 1698 legatione

263 1709 467 1803 Argivorum
489 1708 623 1799 quoque
646 1724 679 1776 et
694 1709 941 1776 Messeniorum
962 1708 1064 1800 legati
1084 1707 1237 1776 Athenas
1258 1732 1307 1775 ve-

263 1809 407 1894 nerunt,
421 1813 482 1906 qui
503 1802 724 1879 Athenienses
747 1829 949 1893 accusarent,
972 1810 1067 1906 quod
1088 1812 1308 1882 Lacedaemo-

262 1916 338 1999 niis,
361 1917 586 2010 Peloponnesi
610 1915 875 1984 dominationem
899 1915 1131 1986 affectantibus
1154 1918 1307 1997 faverent,

262 2022 337 2088 aliis
369 2044 432 2112 pro
461 2017 616 2088 libertate
646 2021 847 2088 certantibus
875 2022 1077 2090 resisterent.
1131 2024 1210 2114 Per
1225 2022 1309 2088 hanc

261 2127 471 2193 occasionem
502 2124 745 2193 Demosthenes
778 2120 977 2193 orationem
995 2125 1069 2194 adv.
1102 2126 1254 2222 Philipp.
1277 2126 1309 2192 lI

258 2231 417 2297 'habuisse
438 2228 546 2297 fertur
566 2230 707 2296 Libanio
730 2230 769 2296 in
790 2247 917 2321 argmto
939 2231 1026 2298 hanc
1054 2230 1101 2298 ad
1124 2255 1175 2300 or.
1222 2234 1310 2316 Quae

261 2337 321 2403 etsi
344 2359 384 2401 ex
407 2336 557 2402 oratione
579 2336 651 2428 ipsa
684 2335 796 2401 minus
819 2333 989 2417 eluceant,
1020 2334 1106 2403 aliis
1127 2353 1242 2406 tamen
1263 2353 1310 2402 te-

259 2441 423 2507 stimoniis
451 2455 484 2506 et
517 2439 720 2531 argumentis
754 2429 967 2532 camprobari
999 2438 1104 2509 facile
1136 2466 1239 2537 posse
1264 2441 1312 2508 vi-

257 2544 391 2612 dentur.
437 2542 478 2609 Id
509 2561 622 2611 tamen
648 2545 722 2637 ipsa
755 2567 892 2636 quoque
919 2543 1022 2612 orado
1043 2546 1230 2615 manifesto
1253 2543 1310 2612 do-

225 2694 227 2699 ·
258 2667 331 2732 cet,
364 2649 532 2714 recenseri
558 2648 597 2714 in
628 2671 666 2713 ea
689 2671 822 2727 omnes,
855 2671 940 2740 quas
959 2666 1036 2741 post
1056 2651 1173 2744 ipsam
1195 2673 1312 2748 pacem

258 2777 337 2820 cum
363 2751 625 2818 Atheniensibus
653 2751 775 2819 factam
801 2750 980 2846 Philippus
1007 2754 1159 2824 iniurias
1190 2778 1312 2851 perpe-

255 2857 400 2924 traverit
444 2856 545 2922 Tum·
558 2878 635 2923 vero
663 2856 846 2924 orationem
876 2879 990 2924 coram
1017 2856 1140 2952 legatis
1163 2861 1313 2928 habitam

257 2986 326 3032 esse
356 2978 522 3032 extremae
561 2960 666 3052 partis
700 2965 801 3027 verba
834 2960 926 3028 haud
964 2961 1126 3056 ambigue
1159 2964 1313 3032 indicant

254 3066 353 3134 haec:
384 3068 455 3154 περὶ
475 3066 533 3150 μὲν
561 3064 600 3152 δὴ
627 3070 691 3131 τῶν
716 3061 793 3149 ὑμῖν
812 3067 974 3153 πρακτέων
1002 3072 1091 3136 καθ’
1112 3067 1223 3155 υμᾶς
1244 3067 1312 3136 αὗ-

178 3199 181 3204 ·
253 3171 346 3249 τοὺς
372 3171 540 3260 ὕστερον
565 3169 794 3256 βουλεύσεσθε,
828 3169 868 3237 ἃν
895 3177 1097 3259 σωφρονῆτε·
1140 3173 1164 3242 ἃ
1196 3175 1232 3242 δὲ
1259 3177 1312 3239 οὖν

252 3275 556 3360 ἆποκριυάμενοι
579 3273 619 3344 tit
642 3274 740 3340 δέοντ’
762 3274 801 3341 ἂν
817 3275 892 3361 εἷἠι)
913 3263 1208 3363 ἐψηφισμέυοῖ,’
1225 3275 1311 3346 ταῦτ’

249 3378 312 3466 ἤδη
341 3381 430 3458 λέξω.
488 3380 699 3466 Quibuscum
728 3377 793 3446 hoc
828 3377 975 3471 denique
1011 3379 1195 3471 quadrat,
1222 3377 1314 3476 quod

250 3483 497 3551 Messeniorum
510 3484 790 3575 Αορὶνοωωροο,
799 3484 981 3577 praecipua
1002 3484 1040 3549 in
1064 3489 1229 3556 oratione
1250 3487 1313 3550 hac

240 3591 378 3657 'mentio
401 3589 455 3671 fit,
484 3605 517 3655 et
547 3585 590 3654 de
611 3587 651 3653 iis
677 3603 756 3684 post
782 3588 969 3680 expositum
997 3611 1033 3680 p.
1067 3611 1123 3680 7¹¹
1148 3590 1313 3660 orationis

179 3713 182 3720 ·
215 3717 217 3724 ’
251 3691 294 3760 ad
321 3718 377 3761 eos
403 3692 554 3773 habitae,
590 3717 698 3783 quum
726 3691 927 3786 legationem
958 3693 996 3757 in
1022 3691 1309 3786 Peloponnesum

242 3797 377 3880 obiret,
407 3813 644 3892 argumentum
676 3815 788 3865 orator
814 3791 849 3887 p.
879 3819 921 3884 7²
950 3795 1033 3863 haec
1062 3797 1188 3869 addit:
1226 3799 1309 3868 τοῦτ’

246 3901 436 3979 ἀκούσαντες
464 3903 586 3982 ἐκεῖνοι,
618 3903 669 3968 καὶ
690 3907 919 3988 θορυβοῦντες,
951 3897 997 3978 ὦς’
1024 3899 1145 3987 ὀρθῶς
1178 3907 1308 3992 λέγεται,

240 4008 297 4098 ’καὶ
319 4005 454 4082 πολλοὺς
481 4003 606 4092 ἑτέρους
634 4003 745 4090 λόγους
774 4005 861 4090 παρὰ
882 4005 1148 4091 τῶυπρέσβεων,
1174 4013 1229 4076 καὶ
1252 4032 1312 4073 πα-

240 4109 358 4197 ρόντος
380 4112 457 4196 ἐμοῦ
478 4113 529 4181 καὶ
551 4108 646 4180 πάλιν
670 4109 816 4197 ὕστερον,
851 4105 894 4186 ὥς
915 4109 1028 4190 ἔοικεν,
1064 4111 1167 4192 οὐδὲν
1189 4117 1312 4200 μᾶλλον
