<?xml version="1.0" encoding="UTF-8"?>
<!DOCTYPE html PUBLIC "-//W3C//DTD XHTML 1.0 Transitional//EN"
    "http://www.w3.org/TR/xhtml1/DTD/xhtml1-transitional.dtd">
<html xmlns="http://www.w3.org/1999/xhtml" xml:lang="en" lang="en">
 <head>
  <title>
</title>
<meta http-equiv="Content-Type" content="text/html;charset=utf-8" />
  <meta name='ocr-system' content='tesseract 3.04.00' />
  <meta name='ocr-capabilities' content='ocr_page ocr_carea ocr_par ocr_line ocrx_word'/>
</head>
<body>
  <div class='ocr_page' id='page_1' title='image "./francisciwiniew00winigoog_0087.png"; bbox 0 0 2706 4782; ppageno 0'>
   <div class='ocr_carea' id='block_1_1' title="bbox 745 255 788 324">
    <p class='ocr_par' dir='ltr' id='par_1_1' title="bbox 745 255 788 324">
     <span class='ocr_line' id='line_1_1' title="bbox 745 255 788 324; baseline 0 0"><span class='ocrx_word' id='word_1_1' title='bbox 745 255 788 324; x_wconf 77' lang='lat'><strong>56</strong></span> 
     </span>
    </p>
   </div>
   <div class='ocr_carea' id='block_1_2' title="bbox 688 350 848 374">
    <p class='ocr_par' dir='ltr' id='par_1_2' title="bbox 688 350 848 374">
     <span class='ocr_line' id='line_1_2' title="bbox 688 350 848 374; baseline 0 0"><span class='ocrx_word' id='word_1_2' title='bbox 688 350 848 374; x_wconf 63' lang='lat' dir='ltr'><strong>-—·-·-a</strong></span> 
     </span>
    </p>
   </div>
   <div class='ocr_carea' id='block_1_3' title="bbox 247 414 1325 528">
    <p class='ocr_par' dir='ltr' id='par_1_3' title="bbox 247 414 1325 528">
     <span class='ocr_line' id='line_1_3' title="bbox 247 414 1325 528; baseline -0.012 -24"><span class='ocrx_word' id='word_1_3' title='bbox 247 452 306 518; x_wconf 86' lang='lat' dir='ltr'><strong>est,</strong></span> <span class='ocrx_word' id='word_1_4' title='bbox 330 414 391 528; x_wconf 84' lang='lat' dir='ltr'><strong>qui</strong></span> <span class='ocrx_word' id='word_1_5' title='bbox 413 459 432 500; x_wconf 86' lang='lat' dir='ltr'><strong>a</strong></span> <span class='ocrx_word' id='word_1_6' title='bbox 454 429 597 500; x_wconf 86' lang='lat' dir='ltr'><strong>Corsino</strong></span> <span class='ocrx_word' id='word_1_7' title='bbox 619 425 888 521; x_wconf 76' lang='lat' dir='ltr'><strong>pseudoponymi</strong></span> <span class='ocrx_word' id='word_1_8' title='bbox 910 428 1016 496; x_wconf 85' lang='lat' dir='ltr'><strong>vocati</strong></span> <span class='ocrx_word' id='word_1_9' title='bbox 1031 442 1118 508; x_wconf 76' lang='lat' dir='ltr'><strong>aunt,</strong></span> <span class='ocrx_word' id='word_1_10' title='bbox 1141 444 1179 494; x_wconf 86' lang='lat' dir='ltr'><strong>et</strong></span> <span class='ocrx_word' id='word_1_11' title='bbox 1208 427 1325 498; x_wconf 87' lang='lat' dir='ltr'><strong>chro-</strong></span> 
     </span>
    </p>
   </div>
   <div class='ocr_carea' id='block_1_4' title="bbox 130 521 1324 630">
    <p class='ocr_par' dir='ltr' id='par_1_4' title="bbox 130 521 1324 630">
     <span class='ocr_line' id='line_1_4' title="bbox 130 521 1324 630; baseline -0.008 -21"><span class='ocrx_word' id='word_1_12' title='bbox 130 595 137 618; x_wconf 40' lang='grc' dir='ltr'><strong>ι</strong></span> <span class='ocrx_word' id='word_1_13' title='bbox 246 538 418 630; x_wconf 82' lang='lat' dir='ltr'><strong>nologiam</strong></span> <span class='ocrx_word' id='word_1_14' title='bbox 438 558 555 602; x_wconf 90' lang='lat' dir='ltr'><strong>rerum</strong></span> <span class='ocrx_word' id='word_1_15' title='bbox 584 530 738 627; x_wconf 89' lang='lat' dir='ltr'><strong>Philippi</strong></span> <span class='ocrx_word' id='word_1_16' title='bbox 768 533 966 625; x_wconf 85' lang='lat' dir='ltr'><strong>praesertim</strong></span> <span class='ocrx_word' id='word_1_17' title='bbox 995 548 1100 600; x_wconf 82' lang='lat' dir='ltr'><strong>aetate</strong></span> <span class='ocrx_word' id='word_1_18' title='bbox 1125 521 1324 624; x_wconf 72' lang='lat' dir='ltr'><strong>gestarum</strong></span> 
     </span>
    </p>
   </div>
   <div class='ocr_carea' id='block_1_5' title="bbox 166 635 1325 1148">
    <p class='ocr_par' dir='ltr' id='par_1_5' title="bbox 166 635 1325 1148">
     <span class='ocr_line' id='line_1_5' title="bbox 246 635 1325 734; baseline -0.006 -23"><span class='ocrx_word' id='word_1_19' title='bbox 246 643 421 734; x_wconf 87' lang='lat' dir='ltr'><strong>hucusque</strong></span> <span class='ocrx_word' id='word_1_20' title='bbox 446 637 680 731; x_wconf 81' lang='lat' dir='ltr'><strong>perturbant</strong></span> <span class='ocrx_word' id='word_1_21' title='bbox 706 635 819 704; x_wconf 90' lang='lat' dir='ltr'><strong>Hoc</strong></span> <span class='ocrx_word' id='word_1_22' title='bbox 809 637 911 728; x_wconf 73' lang='lat' dir='ltr'><strong>igitur</strong></span> <span class='ocrx_word' id='word_1_23' title='bbox 931 636 1050 718; x_wconf 89' lang='lat' dir='ltr'><strong>misso,</strong></span> <span class='ocrx_word' id='word_1_24' title='bbox 1080 636 1224 729; x_wconf 80' lang='lat' dir='ltr'><strong>quippe</strong></span> <span class='ocrx_word' id='word_1_25' title='bbox 1258 639 1325 730; x_wconf 89' lang='lat' dir='ltr'><strong>qni</strong></span> 
     </span>
     <span class='ocr_line' id='line_1_6' title="bbox 249 736 1325 836; baseline -0.006 -20"><span class='ocrx_word' id='word_1_26' title='bbox 249 745 292 816; x_wconf 85' lang='lat' dir='ltr'><strong>nd</strong></span> <span class='ocrx_word' id='word_1_27' title='bbox 313 741 577 836; x_wconf 74' lang='lat' dir='ltr'><strong>investigandam</strong></span> <span class='ocrx_word' id='word_1_28' title='bbox 606 756 747 809; x_wconf 87' lang='lat' dir='ltr'><strong>aetatem</strong></span> <span class='ocrx_word' id='word_1_29' title='bbox 768 739 857 806; x_wconf 89' lang='lat' dir='ltr'><strong>nihil</strong></span> <span class='ocrx_word' id='word_1_30' title='bbox 883 736 1059 831; x_wconf 78' lang='lat' dir='ltr'><strong>expediat,</strong></span> <span class='ocrx_word' id='word_1_31' title='bbox 1091 738 1156 806; x_wconf 85' lang='lat' dir='ltr'><strong>alia</strong></span> <span class='ocrx_word' id='word_1_32' title='bbox 1186 744 1325 810; x_wconf 82' lang='lat' dir='ltr'><strong>aetatis</strong></span> 
     </span>
     <span class='ocr_line' id='line_1_7' title="bbox 248 844 1323 940; baseline -0.006 -22"><span class='ocrx_word' id='word_1_33' title='bbox 248 850 377 920; x_wconf 87' lang='lat' dir='ltr'><strong>indicia</strong></span> <span class='ocrx_word' id='word_1_34' title='bbox 399 863 611 940; x_wconf 79' lang='lat' dir='ltr'><strong>quaerantur,</strong></span> <span class='ocrx_word' id='word_1_35' title='bbox 633 867 768 912; x_wconf 88' lang='lat' dir='ltr'><strong>necesse</strong></span> <span class='ocrx_word' id='word_1_36' title='bbox 792 862 849 911; x_wconf 90' lang='lat' dir='ltr'><strong>est.</strong></span> <span class='ocrx_word' id='word_1_37' title='bbox 896 844 938 909; x_wconf 90' lang='lat' dir='ltr'><strong>In</strong></span> <span class='ocrx_word' id='word_1_38' title='bbox 961 845 1203 936; x_wconf 80' lang='lat' dir='ltr'><strong>quoprimu&#39;m</strong></span> <span class='ocrx_word' id='word_1_39' title='bbox 1220 844 1323 913; x_wconf 86' lang='lat' dir='ltr'><strong>nulli</strong></span> 
     </span>
     <span class='ocr_line' id='line_1_8' title="bbox 188 946 1323 1040; baseline -0.001 -22"><span class='ocrx_word' id='word_1_40' title='bbox 188 1009 192 1018; x_wconf 89' lang='lat'><strong>.</strong></span> <span class='ocrx_word' id='word_1_41' title='bbox 248 951 384 1024; x_wconf 85' lang='lat' dir='ltr'><strong>&#39;videtur</strong></span> <span class='ocrx_word' id='word_1_42' title='bbox 403 949 605 1019; x_wconf 82' lang='lat' dir='ltr'><strong>dubitationi</strong></span> <span class='ocrx_word' id='word_1_43' title='bbox 627 971 698 1018; x_wconf 90' lang='lat' dir='ltr'><strong>esse</strong></span> <span class='ocrx_word' id='word_1_44' title='bbox 716 949 907 1029; x_wconf 87' lang='lat' dir='ltr'><strong>obnoxium,</strong></span> <span class='ocrx_word' id='word_1_45' title='bbox 928 963 1111 1040; x_wconf 80' lang='lat' dir='ltr'><strong>utrumque</strong></span> <span class='ocrx_word' id='word_1_46' title='bbox 1124 946 1323 1020; x_wconf 85' lang='lat' dir='ltr'><strong>decretum</strong></span> 
     </span>
     <span class='ocr_line' id='line_1_9' title="bbox 166 1049 1320 1148; baseline -0.003 -23"><span class='ocrx_word' id='word_1_47' title='bbox 166 1088 169 1096; x_wconf 60' lang='grc'>’</span> <span class='ocrx_word' id='word_1_48' title='bbox 249 1081 320 1126; x_wconf 90' lang='lat' dir='ltr'><strong>uno</strong></span> <span class='ocrx_word' id='word_1_49' title='bbox 343 1053 607 1148; x_wconf 82' lang='lat' dir='ltr'><strong>eodemquedie</strong></span> <span class='ocrx_word' id='word_1_50' title='bbox 628 1051 733 1121; x_wconf 88' lang='lat' dir='ltr'><strong>latum</strong></span> <span class='ocrx_word' id='word_1_51' title='bbox 756 1071 792 1120; x_wconf 87' lang='lat' dir='ltr'><strong>et</strong></span> <span class='ocrx_word' id='word_1_52' title='bbox 809 1068 988 1146; x_wconf 85' lang='lat' dir='ltr'><strong>propterea</strong></span> <span class='ocrx_word' id='word_1_53' title='bbox 1010 1049 1055 1118; x_wconf 85' lang='lat' dir='ltr'><strong>ad</strong></span> <span class='ocrx_word' id='word_1_54' title='bbox 1070 1051 1227 1122; x_wconf 87' lang='lat' dir='ltr'><strong>eundem</strong></span> <span class='ocrx_word' id='word_1_55' title='bbox 1251 1079 1320 1122; x_wconf 88' lang='lat' dir='ltr'><strong>an-</strong></span> 
     </span>
    </p>
   </div>
   <div class='ocr_carea' id='block_1_6' title="bbox 143 1155 1318 1253">
    <p class='ocr_par' dir='ltr' id='par_1_6' title="bbox 143 1155 1318 1253">
     <span class='ocr_line' id='line_1_10' title="bbox 143 1155 1318 1253; baseline -0.005 -23"><span class='ocrx_word' id='word_1_56' title='bbox 143 1245 145 1248; x_wconf 27' lang='grc'><strong>,</strong></span> <span class='ocrx_word' id='word_1_57' title='bbox 228 1185 336 1230; x_wconf 57' lang='lat' dir='ltr'><strong>«num</strong></span> <span class='ocrx_word' id='word_1_58' title='bbox 356 1157 574 1228; x_wconf 84' lang='lat' dir='ltr'><strong>referendum</strong></span> <span class='ocrx_word' id='word_1_59' title='bbox 594 1171 692 1226; x_wconf 52' lang='lat' dir='ltr'><strong>ossei*</strong></span> <span class='ocrx_word' id='word_1_60' title='bbox 720 1156 846 1224; x_wconf 86' lang='lat' dir='ltr'><strong>Callias</strong></span> <span class='ocrx_word' id='word_1_61' title='bbox 868 1157 960 1224; x_wconf 90' lang='lat' dir='ltr'><strong>euim</strong></span> <span class='ocrx_word' id='word_1_62' title='bbox 982 1155 1225 1242; x_wconf 83' lang='lat' dir='ltr'><strong>Phrearrhius,</strong></span> <span class='ocrx_word' id='word_1_63' title='bbox 1253 1160 1318 1253; x_wconf 82' lang='lat' dir='ltr'><strong>qui</strong></span> 
     </span>
    </p>
   </div>
   <div class='ocr_carea' id='block_1_7' title="bbox 166 1259 1316 2397">
    <p class='ocr_par' dir='ltr' id='par_1_7' title="bbox 166 1259 1316 2397">
     <span class='ocr_line' id='line_1_11' title="bbox 251 1259 1314 1357; baseline -0.003 -24"><span class='ocrx_word' id='word_1_64' title='bbox 251 1274 434 1357; x_wconf 80' lang='lat' dir='ltr'><strong>utrumque</strong></span> <span class='ocrx_word' id='word_1_65' title='bbox 456 1285 569 1332; x_wconf 83' lang='lat' dir='ltr'><strong>coram</strong></span> <span class='ocrx_word' id='word_1_66' title='bbox 589 1259 717 1356; x_wconf 87' lang='lat' dir='ltr'><strong>populo</strong></span> <span class='ocrx_word' id='word_1_67' title='bbox 739 1261 895 1341; x_wconf 81' lang='lat' dir='ltr'><strong>recitasse</strong></span> <span class='ocrx_word' id='word_1_68' title='bbox 916 1259 1057 1344; x_wconf 84' lang='lat' dir='ltr'><strong>dicitur,</strong></span> <span class='ocrx_word' id='word_1_69' title='bbox 1085 1261 1124 1330; x_wconf 85' lang='lat' dir='ltr'><strong>in</strong></span> <span class='ocrx_word' id='word_1_70' title='bbox 1151 1286 1231 1330; x_wconf 82' lang='lat' dir='ltr'><strong>una</strong></span> <span class='ocrx_word' id='word_1_71' title='bbox 1260 1265 1314 1330; x_wconf 81' lang='lat' dir='ltr'><strong>ni·</strong></span> 
     </span>
     <span class='ocr_line' id='line_1_12' title="bbox 251 1363 1313 1461; baseline -0.004 -23"><span class='ocrx_word' id='word_1_72' title='bbox 251 1370 376 1438; x_wconf 86' lang='lat' dir='ltr'><strong>mirum</strong></span> <span class='ocrx_word' id='word_1_73' title='bbox 398 1365 584 1460; x_wconf 88' lang='lat' dir='ltr'><strong>eademque</strong></span> <span class='ocrx_word' id='word_1_74' title='bbox 612 1367 774 1436; x_wconf 87' lang='lat' dir='ltr'><strong>concione</strong></span> <span class='ocrx_word' id='word_1_75' title='bbox 804 1389 845 1432; x_wconf 82' lang='lat' dir='ltr'><strong>ea</strong></span> <span class='ocrx_word' id='word_1_76' title='bbox 875 1365 1082 1461; x_wconf 84' lang='lat' dir='ltr'><strong>conscripsit.</strong></span> <span class='ocrx_word' id='word_1_77' title='bbox 1138 1363 1182 1433; x_wconf 91' lang='lat' dir='ltr'><strong>Id</strong></span> <span class='ocrx_word' id='word_1_78' title='bbox 1213 1365 1313 1461; x_wconf 89' lang='lat' dir='ltr'><strong>quod</strong></span> 
     </span>
     <span class='ocr_line' id='line_1_13' title="bbox 253 1467 1314 1565; baseline 0 -25"><span class='ocrx_word' id='word_1_79' title='bbox 253 1497 296 1540; x_wconf 76' lang='lat' dir='ltr'><strong>ex</strong></span> <span class='ocrx_word' id='word_1_80' title='bbox 317 1495 356 1539; x_wconf 94' lang='lat' dir='ltr'><strong>eo</strong></span> <span class='ocrx_word' id='word_1_81' title='bbox 378 1471 432 1540; x_wconf 81' lang='lat' dir='ltr'><strong>uel</strong></span> <span class='ocrx_word' id='word_1_82' title='bbox 452 1474 599 1540; x_wconf 85' lang='lat' dir='ltr'><strong>maxime</strong></span> <span class='ocrx_word' id='word_1_83' title='bbox 619 1487 729 1565; x_wconf 81' lang='lat' dir='ltr'><strong>patet,</strong></span> <span class='ocrx_word' id='word_1_84' title='bbox 761 1468 855 1563; x_wconf 84' lang='lat' dir='ltr'><strong>quod</strong></span> <span class='ocrx_word' id='word_1_85' title='bbox 877 1473 919 1535; x_wconf 84' lang='lat' dir='ltr'><strong>in</strong></span> <span class='ocrx_word' id='word_1_86' title='bbox 947 1467 1052 1538; x_wconf 84' lang='lat' dir='ltr'><strong>altero</strong></span> <span class='ocrx_word' id='word_1_87' title='bbox 1078 1467 1152 1539; x_wconf 85' lang='lat' dir='ltr'><strong>solo</strong></span> <span class='ocrx_word' id='word_1_88' title='bbox 1173 1471 1314 1542; x_wconf 80' lang='lat' dir='ltr'><strong>archon</strong></span> 
     </span>
     <span class='ocr_line' id='line_1_14' title="bbox 253 1573 1134 1670; baseline -0.01 -20"><span class='ocrx_word' id='word_1_89' title='bbox 253 1578 315 1670; x_wconf 80' lang='lat' dir='ltr'><strong>qui</strong></span> <span class='ocrx_word' id='word_1_90' title='bbox 337 1575 450 1660; x_wconf 85' lang='lat' dir='ltr'><strong>suerit,</strong></span> <span class='ocrx_word' id='word_1_91' title='bbox 473 1595 507 1644; x_wconf 88' lang='lat' dir='ltr'><strong>et</strong></span> <span class='ocrx_word' id='word_1_92' title='bbox 527 1579 651 1644; x_wconf 81' lang='lat' dir='ltr'><strong>mensis</strong></span> <span class='ocrx_word' id='word_1_93' title='bbox 682 1573 823 1668; x_wconf 85' lang='lat' dir='ltr'><strong>diesque</strong></span> <span class='ocrx_word' id='word_1_94' title='bbox 848 1575 972 1641; x_wconf 81' lang='lat' dir='ltr'><strong>exarati</strong></span> <span class='ocrx_word' id='word_1_95' title='bbox 992 1590 1080 1642; x_wconf 88' lang='lat' dir='ltr'><strong>sunt.</strong></span> <span class='ocrx_word' id='word_1_96' title='bbox 1131 1603 1134 1612; x_wconf 60' lang='lat'><strong>⁴</strong></span> 
     </span>
     <span class='ocr_line' id='line_1_15' title="bbox 342 1677 1315 1776; baseline 0.002 -26.771"><span class='ocrx_word' id='word_1_97' title='bbox 342 1682 413 1750; x_wconf 87' lang='lat' dir='ltr'><strong>Iam</strong></span> <span class='ocrx_word' id='word_1_98' title='bbox 435 1705 513 1750; x_wconf 84' lang='lat' dir='ltr'><strong>vero</strong></span> <span class='ocrx_word' id='word_1_99' title='bbox 531 1680 623 1775; x_wconf 81' lang='lat' dir='ltr'><strong>quod</strong></span> <span class='ocrx_word' id='word_1_100' title='bbox 643 1677 687 1747; x_wconf 85' lang='lat' dir='ltr'><strong>ad</strong></span> <span class='ocrx_word' id='word_1_101' title='bbox 707 1704 761 1748; x_wconf 88' lang='lat' dir='ltr'><strong>res</strong></span> <span class='ocrx_word' id='word_1_102' title='bbox 784 1681 912 1772; x_wconf 79' lang='lat' dir='ltr'><strong>attinet,</strong></span> <span class='ocrx_word' id='word_1_103' title='bbox 935 1701 1079 1771; x_wconf 81' lang='lat' dir='ltr'><strong>quarum</strong></span> <span class='ocrx_word' id='word_1_104' title='bbox 1095 1680 1134 1747; x_wconf 89' lang='lat' dir='ltr'><strong>in</strong></span> <span class='ocrx_word' id='word_1_105' title='bbox 1154 1697 1315 1776; x_wconf 80' lang='lat' dir='ltr'><strong>utroque</strong></span> 
     </span>
     <span class='ocr_line' id='line_1_16' title="bbox 252 1783 1316 1880; baseline 0.001 -26"><span class='ocrx_word' id='word_1_106' title='bbox 252 1787 381 1854; x_wconf 86' lang='lat' dir='ltr'><strong>mentio</strong></span> <span class='ocrx_word' id='word_1_107' title='bbox 393 1785 442 1868; x_wconf 90' lang='lat' dir='ltr'><strong>fit,</strong></span> <span class='ocrx_word' id='word_1_108' title='bbox 457 1785 706 1880; x_wconf 85' lang='lat' dir='ltr'><strong>expeditionem</strong></span> <span class='ocrx_word' id='word_1_109' title='bbox 717 1784 976 1852; x_wconf 85' lang='lat' dir='ltr'><strong>Atheniensium</strong></span> <span class='ocrx_word' id='word_1_110' title='bbox 987 1783 1024 1848; x_wconf 89' lang='lat' dir='ltr'><strong>in</strong></span> <span class='ocrx_word' id='word_1_111' title='bbox 1034 1783 1188 1852; x_wconf 89' lang='lat' dir='ltr'><strong>Imbrum</strong></span> <span class='ocrx_word' id='word_1_112' title='bbox 1200 1803 1239 1855; x_wconf 89' lang='lat' dir='ltr'><strong>et</strong></span> <span class='ocrx_word' id='word_1_113' title='bbox 1249 1787 1316 1855; x_wconf 82' lang='lat' dir='ltr'><strong>Sa-</strong></span> 
     </span>
     <span class='ocr_line' id='line_1_17' title="bbox 252 1885 1313 1978; baseline 0.003 -22"><span class='ocrx_word' id='word_1_114' title='bbox 252 1889 388 1973; x_wconf 86' lang='lat' dir='ltr'><strong>lamina,</strong></span> <span class='ocrx_word' id='word_1_115' title='bbox 405 1891 467 1958; x_wconf 88' lang='lat' dir='ltr'><strong>etsi</strong></span> <span class='ocrx_word' id='word_1_116' title='bbox 488 1914 546 1958; x_wconf 87' lang='lat' dir='ltr'><strong>eae</strong></span> <span class='ocrx_word' id='word_1_117' title='bbox 568 1906 639 1957; x_wconf 88' lang='lat' dir='ltr'><strong>tam</strong></span> <span class='ocrx_word' id='word_1_118' title='bbox 658 1903 737 1956; x_wconf 89' lang='lat' dir='ltr'><strong>sunt</strong></span> <span class='ocrx_word' id='word_1_119' title='bbox 750 1888 935 1978; x_wconf 81' lang='lat' dir='ltr'><strong>ambiguae,</strong></span> <span class='ocrx_word' id='word_1_120' title='bbox 957 1885 1050 1954; x_wconf 86' lang='lat' dir='ltr'><strong>nulla</strong></span> <span class='ocrx_word' id='word_1_121' title='bbox 1066 1905 1103 1956; x_wconf 91' lang='lat' dir='ltr'><strong>ut</strong></span> <span class='ocrx_word' id='word_1_122' title='bbox 1117 1887 1200 1956; x_wconf 89' lang='lat' dir='ltr'><strong>inde</strong></span> <span class='ocrx_word' id='word_1_123' title='bbox 1215 1909 1313 1959; x_wconf 87' lang='lat' dir='ltr'><strong>certa</strong></span> 
     </span>
     <span class='ocr_line' id='line_1_18' title="bbox 219 1991 1308 2088; baseline -0.002 -24"><span class='ocrx_word' id='word_1_124' title='bbox 219 2068 221 2072; x_wconf 11' lang='grc' dir='ltr'><em>Α</em></span> <span class='ocrx_word' id='word_1_125' title='bbox 254 1995 422 2088; x_wconf 80' lang='lat' dir='ltr'><strong>temporis</strong></span> <span class='ocrx_word' id='word_1_126' title='bbox 439 2001 517 2078; x_wconf 78' lang='lat' dir='ltr'><strong>nota</strong></span> <span class='ocrx_word' id='word_1_127' title='bbox 534 1993 607 2086; x_wconf 90' lang='lat' dir='ltr'><strong>peti</strong></span> <span class='ocrx_word' id='word_1_128' title='bbox 622 1993 742 2085; x_wconf 87' lang='lat' dir='ltr'><strong>possit,</strong></span> <span class='ocrx_word' id='word_1_129' title='bbox 761 1991 837 2058; x_wconf 88' lang='lat' dir='ltr'><strong>iure</strong></span> <span class='ocrx_word' id='word_1_130' title='bbox 854 2009 964 2060; x_wconf 86' lang='lat' dir='ltr'><strong>tamen</strong></span> <span class='ocrx_word' id='word_1_131' title='bbox 981 1991 1140 2060; x_wconf 85' lang='lat' dir='ltr'><strong>Corsinus</strong></span> <span class='ocrx_word' id='word_1_132' title='bbox 1152 1993 1189 2062; x_wconf 88' lang='lat' dir='ltr'><strong>in</strong></span> <span class='ocrx_word' id='word_1_133' title='bbox 1207 1995 1250 2062; x_wconf 89' lang='lat' dir='ltr'><strong>F.</strong></span> <span class='ocrx_word' id='word_1_134' title='bbox 1265 1996 1308 2064; x_wconf 87' lang='lat' dir='ltr'><strong>A.</strong></span> 
     </span>
     <span class='ocr_line' id='line_1_19' title="bbox 166 2093 1311 2190; baseline -0.004 -22"><span class='ocrx_word' id='word_1_135' title='bbox 166 2158 173 2168; x_wconf 86' lang='lat'><strong>.</strong></span> <span class='ocrx_word' id='word_1_136' title='bbox 212 2134 221 2144; x_wconf 80' lang='lat'><em>·</em></span> <span class='ocrx_word' id='word_1_137' title='bbox 257 2095 335 2166; x_wconf 85' lang='lat' dir='ltr'><strong>diss.</strong></span> <span class='ocrx_word' id='word_1_138' title='bbox 357 2096 452 2180; x_wconf 86' lang='lat' dir='ltr'><strong>Vlll,</strong></span> <span class='ocrx_word' id='word_1_139' title='bbox 475 2120 504 2166; x_wconf 92' lang='grc' dir='ltr'><strong>ιι.</strong></span> <span class='ocrx_word' id='word_1_140' title='bbox 531 2096 580 2179; x_wconf 86' lang='grc' dir='ltr'><strong>ι6,</strong></span> <span class='ocrx_word' id='word_1_141' title='bbox 603 2097 664 2163; x_wconf 91' lang='lat' dir='ltr'><strong>ubi</strong></span> <span class='ocrx_word' id='word_1_142' title='bbox 685 2093 728 2162; x_wconf 87' lang='lat' dir='ltr'><strong>de</strong></span> <span class='ocrx_word' id='word_1_143' title='bbox 750 2094 908 2163; x_wconf 82' lang='lat' dir='ltr'><strong>archonte</strong></span> <span class='ocrx_word' id='word_1_144' title='bbox 931 2095 1118 2166; x_wconf 87' lang='lat' dir='ltr'><strong>Demonieo</strong></span> <span class='ocrx_word' id='word_1_145' title='bbox 1142 2100 1229 2190; x_wconf 80' lang='lat' dir='ltr'><strong>agit,</strong></span> <span class='ocrx_word' id='word_1_146' title='bbox 1254 2123 1311 2167; x_wconf 85' lang='lat' dir='ltr'><strong>ar-</strong></span> 
     </span>
     <span class='ocr_line' id='line_1_20' title="bbox 256 2197 1306 2294; baseline 0 -26"><span class='ocrx_word' id='word_1_147' title='bbox 256 2199 468 2294; x_wconf 81' lang='lat' dir='ltr'><strong>gumentatus</strong></span> <span class='ocrx_word' id='word_1_148' title='bbox 488 2218 554 2284; x_wconf 85' lang='lat' dir='ltr'><strong>est,</strong></span> <span class='ocrx_word' id='word_1_149' title='bbox 587 2223 659 2269; x_wconf 88' lang='lat' dir='ltr'><strong>non</strong></span> <span class='ocrx_word' id='word_1_150' title='bbox 686 2223 802 2292; x_wconf 88' lang='lat' dir='ltr'><strong>posse</strong></span> <span class='ocrx_word' id='word_1_151' title='bbox 800 2197 944 2268; x_wconf 88' lang='lat' dir='ltr'><strong>decreta</strong></span> <span class='ocrx_word' id='word_1_152' title='bbox 964 2201 1048 2270; x_wconf 88' lang='lat' dir='ltr'><strong>haec</strong></span> <span class='ocrx_word' id='word_1_153' title='bbox 1070 2199 1160 2268; x_wconf 90' lang='lat' dir='ltr'><strong>ultra</strong></span> <span class='ocrx_word' id='word_1_154' title='bbox 1182 2205 1306 2270; x_wconf 85' lang='lat' dir='ltr'><strong>citrave</strong></span> 
     </span>
     <span class='ocr_line' id='line_1_21' title="bbox 221 2303 1301 2397; baseline 0.003 -25"><span class='ocrx_word' id='word_1_155' title='bbox 221 2349 224 2354; x_wconf 91' lang='lat'>-</span> <span class='ocrx_word' id='word_1_156' title='bbox 255 2303 408 2397; x_wconf 85' lang='lat' dir='ltr'><strong>Philippi</strong></span> <span class='ocrx_word' id='word_1_157' title='bbox 422 2303 619 2372; x_wconf 79' lang='lat' dir='ltr'><strong>Macedouis</strong></span> <span class='ocrx_word' id='word_1_158' title='bbox 632 2319 784 2396; x_wconf 88' lang='lat' dir='ltr'><strong>tempora</strong></span> <span class='ocrx_word' id='word_1_159' title='bbox 806 2322 936 2371; x_wconf 82' lang='lat' dir='ltr'><strong>exarata</strong></span> <span class='ocrx_word' id='word_1_160' title='bbox 959 2329 1028 2372; x_wconf 91' lang='lat' dir='ltr'><strong>esse</strong></span> <span class='ocrx_word' id='word_1_161' title='bbox 1054 2304 1098 2373; x_wconf 91' lang='lat' dir='ltr'><strong>ob</strong></span> <span class='ocrx_word' id='word_1_162' title='bbox 1114 2305 1301 2375; x_wconf 86' lang='lat' dir='ltr'><strong>Nausiclcm</strong></span> 
     </span>
    </p>
   </div>
   <div class='ocr_carea' id='block_1_8' title="bbox 133 2399 1299 2502">
    <p class='ocr_par' dir='ltr' id='par_1_8' title="bbox 133 2399 1299 2502">
     <span class='ocr_line' id='line_1_22' title="bbox 133 2399 1299 2502; baseline -0.001 -25"><span class='ocrx_word' id='word_1_163' title='bbox 133 2416 142 2436; x_wconf 74' lang='grc'><strong>““</strong></span> <span class='ocrx_word' id='word_1_164' title='bbox 257 2427 290 2477; x_wconf 90' lang='lat' dir='ltr'><strong>et</strong></span> <span class='ocrx_word' id='word_1_165' title='bbox 314 2406 565 2492; x_wconf 85' lang='lat' dir='ltr'><strong>Charidemum,</strong></span> <span class='ocrx_word' id='word_1_166' title='bbox 598 2408 865 2502; x_wconf 83' lang='lat' dir='ltr'><strong>expeditionibus</strong></span> <span class='ocrx_word' id='word_1_167' title='bbox 887 2399 955 2476; x_wconf 93' lang='lat' dir='ltr'><strong>illis</strong></span> <span class='ocrx_word' id='word_1_168' title='bbox 976 2409 1172 2501; x_wconf 76' lang='lat' dir='ltr'><strong>praefectos,</strong></span> <span class='ocrx_word' id='word_1_169' title='bbox 1200 2411 1299 2502; x_wconf 85' lang='lat' dir='ltr'><strong>quia</strong></span> 
     </span>
    </p>
   </div>
   <div class='ocr_carea' id='block_1_9' title="bbox 166 2513 1308 3650">
    <p class='ocr_par' dir='ltr' id='par_1_9' title="bbox 166 2513 1308 3650">
     <span class='ocr_line' id='line_1_23' title="bbox 255 2513 1305 2606; baseline -0.001 -23"><span class='ocrx_word' id='word_1_170' title='bbox 255 2513 515 2584; x_wconf 86' lang='lat' dir='ltr'><strong>Demosthene&#39;</strong></span> <span class='ocrx_word' id='word_1_171' title='bbox 505 2537 578 2606; x_wconf 91' lang='lat' dir='ltr'><strong>1ps0</strong></span> <span class='ocrx_word' id='word_1_172' title='bbox 601 2513 640 2580; x_wconf 87' lang='lat' dir='ltr'><strong>in</strong></span> <span class='ocrx_word' id='word_1_173' title='bbox 662 2513 891 2606; x_wconf 88' lang='lat' dir='ltr'><strong>superioribus</strong></span> <span class='ocrx_word' id='word_1_174' title='bbox 915 2513 962 2604; x_wconf 91' lang='lat' dir='ltr'><strong>(p.</strong></span> <span class='ocrx_word' id='word_1_175' title='bbox 986 2513 1062 2600; x_wconf 65' lang='lat'><strong>264)</strong></span> <span class='ocrx_word' id='word_1_176' title='bbox 1093 2533 1130 2583; x_wconf 89' lang='lat' dir='ltr'><strong>nt</strong></span> <span class='ocrx_word' id='word_1_177' title='bbox 1151 2515 1305 2584; x_wconf 89' lang='lat' dir='ltr'><strong>homines</strong></span> 
     </span>
     <span class='ocr_line' id='line_1_24' title="bbox 256 2615 1306 2734; baseline 0.003 -51"><span class='ocrx_word' id='word_1_178' title='bbox 256 2621 330 2694; x_wconf 72' lang='lat' dir='ltr'><strong>noti</strong></span> <span class='ocrx_word' id='word_1_179' title='bbox 352 2636 385 2690; x_wconf 83' lang='lat' dir='ltr'><strong>et</strong></span> <span class='ocrx_word' id='word_1_180' title='bbox 406 2615 561 2734; x_wconf 72' lang='lat' dir='ltr'><strong>aequales</strong></span> <span class='ocrx_word' id='word_1_181' title='bbox 584 2617 740 2690; x_wconf 84' lang='lat' dir='ltr'><strong>citantur.</strong></span> <span class='ocrx_word' id='word_1_182' title='bbox 785 2616 987 2718; x_wconf 81' lang='lat' dir='ltr'><strong>Utrumque</strong></span> <span class='ocrx_word' id='word_1_183' title='bbox 998 2641 1125 2694; x_wconf 83' lang='lat' dir='ltr'><strong>nomen</strong></span> <span class='ocrx_word' id='word_1_184' title='bbox 1145 2621 1222 2689; x_wconf 83' lang='lat' dir='ltr'><strong>satis</strong></span> <span class='ocrx_word' id='word_1_185' title='bbox 1245 2621 1306 2692; x_wconf 87' lang='lat' dir='ltr'><strong>ob-</strong></span> 
     </span>
     <span class='ocr_line' id='line_1_25' title="bbox 229 2717 1308 2817; baseline 0.001 -26"><span class='ocrx_word' id='word_1_186' title='bbox 229 2724 348 2796; x_wconf 50' lang='lat' dir='ltr'><strong>*vium</strong></span> <span class='ocrx_word' id='word_1_187' title='bbox 370 2737 419 2788; x_wconf 88' lang='lat' dir='ltr'><strong>est</strong></span> <span class='ocrx_word' id='word_1_188' title='bbox 447 2721 484 2788; x_wconf 86' lang='lat' dir='ltr'><strong>ln</strong></span> <span class='ocrx_word' id='word_1_189' title='bbox 511 2717 613 2786; x_wconf 83' lang='lat' dir='ltr'><strong>r‘ebus</strong></span> <span class='ocrx_word' id='word_1_190' title='bbox 641 2735 746 2786; x_wconf 83' lang='lat' dir='ltr'><strong>aetate</strong></span> <span class='ocrx_word' id='word_1_191' title='bbox 766 2717 1002 2789; x_wconf 88' lang='lat' dir='ltr'><strong>Demosthenis</strong></span> <span class='ocrx_word' id='word_1_192' title='bbox 1031 2724 1140 2817; x_wconf 81' lang='lat' dir='ltr'><strong>gestis.</strong></span> <span class='ocrx_word' id='word_1_193' title='bbox 1185 2724 1308 2802; x_wconf 82' lang='lat' dir='ltr'><strong>Nausi-</strong></span> 
     </span>
     <span class='ocr_line' id='line_1_26' title="bbox 258 2820 1307 2918; baseline 0.001 -22"><span class='ocrx_word' id='word_1_194' title='bbox 258 2823 327 2896; x_wconf 86' lang='lat' dir='ltr'><strong>cles</strong></span> <span class='ocrx_word' id='word_1_195' title='bbox 348 2847 465 2892; x_wconf 84' lang='lat' dir='ltr'><strong>rursus</strong></span> <span class='ocrx_word' id='word_1_196' title='bbox 487 2822 618 2900; x_wconf 88' lang='lat' dir='ltr'><strong>occurit</strong></span> <span class='ocrx_word' id='word_1_197' title='bbox 638 2820 683 2888; x_wconf 92' lang='lat' dir='ltr'><strong>de</strong></span> <span class='ocrx_word' id='word_1_198' title='bbox 710 2845 778 2891; x_wconf 89' lang='lat' dir='ltr'><strong>cor.</strong></span> <span class='ocrx_word' id='word_1_199' title='bbox 799 2850 835 2918; x_wconf 88' lang='grc' dir='ltr'><strong>Ρ.</strong></span> <span class='ocrx_word' id='word_1_200' title='bbox 859 2828 938 2908; x_wconf 84' lang='grc' dir='ltr'><strong>ι88,</strong></span> <span class='ocrx_word' id='word_1_201' title='bbox 968 2826 1029 2894; x_wconf 91' lang='lat' dir='ltr'><strong>ubi</strong></span> <span class='ocrx_word' id='word_1_202' title='bbox 1056 2827 1226 2898; x_wconf 82' lang='lat' dir='ltr'><strong>Nausiclis</strong></span> <span class='ocrx_word' id='word_1_203' title='bbox 1255 2853 1307 2897; x_wconf 88' lang='lat' dir='ltr'><strong>ar-</strong></span> 
     </span>
     <span class='ocr_line' id='line_1_27' title="bbox 258 2923 1307 3024; baseline 0.004 -28"><span class='ocrx_word' id='word_1_204' title='bbox 258 2929 391 3004; x_wconf 83' lang='lat' dir='ltr'><strong>chontis</strong></span> <span class='ocrx_word' id='word_1_205' title='bbox 412 2949 538 2996; x_wconf 89' lang='lat' dir='ltr'><strong>nomen</strong></span> <span class='ocrx_word' id='word_1_206' title='bbox 559 2923 745 3017; x_wconf 81' lang='lat' dir='ltr'><strong>praefixum</strong></span> <span class='ocrx_word' id='word_1_207' title='bbox 766 2926 900 2997; x_wconf 84' lang='lat' dir='ltr'><strong>decreto</strong></span> <span class='ocrx_word' id='word_1_208' title='bbox 929 2931 962 2997; x_wconf 86' lang='lat' dir='ltr'><strong>ei</strong></span> <span class='ocrx_word' id='word_1_209' title='bbox 984 2947 1049 3015; x_wconf 90' lang='lat' dir='ltr'><strong>est,</strong></span> <span class='ocrx_word' id='word_1_210' title='bbox 1078 2931 1171 3024; x_wconf 78' lang='lat' dir='ltr'><strong>qu&#39;od</strong></span> <span class='ocrx_word' id='word_1_211' title='bbox 1191 2934 1307 3004; x_wconf 87' lang='lat' dir='ltr'><strong>Elatea</strong></span> 
     </span>
     <span class='ocr_line' id='line_1_28' title="bbox 259 3019 1308 3126; baseline 0.002 -22"><span class='ocrx_word' id='word_1_212' title='bbox 259 3051 356 3126; x_wconf 83' lang='lat' dir='ltr'><strong>capta</strong></span> <span class='ocrx_word' id='word_1_213' title='bbox 379 3030 423 3100; x_wconf 86' lang='lat' dir='ltr'><strong>de</strong></span> <span class='ocrx_word' id='word_1_214' title='bbox 442 3019 593 3102; x_wconf 84' lang='lat' dir='ltr'><strong>ineunda</strong></span> <span class='ocrx_word' id='word_1_215' title='bbox 613 3029 897 3100; x_wconf 86' lang='lat' dir='ltr'><strong>Atheniensium&#39;</strong></span> <span class='ocrx_word' id='word_1_216' title='bbox 895 3056 974 3101; x_wconf 89' lang='lat' dir='ltr'><strong>cum</strong></span> <span class='ocrx_word' id='word_1_217' title='bbox 995 3035 1167 3105; x_wconf 88' lang='lat' dir='ltr'><strong>Thebanis</strong></span> <span class='ocrx_word' id='word_1_218' title='bbox 1189 3037 1308 3108; x_wconf 84' lang='lat' dir='ltr'><strong>adver·</strong></span> 
     </span>
     <span class='ocr_line' id='line_1_29' title="bbox 258 3135 1308 3238; baseline 0.008 -34"><span class='ocrx_word' id='word_1_219' title='bbox 258 3163 314 3214; x_wconf 78' lang='lat' dir='ltr'><strong>sus</strong></span> <span class='ocrx_word' id='word_1_220' title='bbox 347 3136 545 3230; x_wconf 73' lang='lat' dir='ltr'><strong>Philippum</strong></span> <span class='ocrx_word' id='word_1_221' title='bbox 580 3136 737 3204; x_wconf 83' lang='lat' dir='ltr'><strong>societate</strong></span> <span class='ocrx_word' id='word_1_222' title='bbox 766 3135 904 3232; x_wconf 82' lang='lat' dir='ltr'><strong>Olymp.</strong></span> <span class='ocrx_word' id='word_1_223' title='bbox 939 3139 1021 3222; x_wconf 88' lang='lat' dir='ltr'><strong>CX,</strong></span> <span class='ocrx_word' id='word_1_224' title='bbox 1059 3164 1071 3207; x_wconf 92' lang='grc' dir='ltr'><strong>ι</strong></span> <span class='ocrx_word' id='word_1_225' title='bbox 1109 3144 1308 3238; x_wconf 84' lang='lat' dir='ltr'><strong>conscripsit</strong></span> 
     </span>
     <span class='ocr_line' id='line_1_30' title="bbox 258 3237 1306 3338; baseline 0.009 -30"><span class='ocrx_word' id='word_1_226' title='bbox 258 3240 512 3318; x_wconf 83' lang='lat' dir='ltr'><strong>Demosthenes.</strong></span> <span class='ocrx_word' id='word_1_227' title='bbox 557 3237 651 3312; x_wconf 84' lang='lat' dir='ltr'><strong>Idem</strong></span> <span class='ocrx_word' id='word_1_228' title='bbox 673 3241 715 3310; x_wconf 86' lang='lat' dir='ltr'><strong>ab</strong></span> <span class='ocrx_word' id='word_1_229' title='bbox 728 3241 895 3322; x_wconf 83' lang='lat' dir='ltr'><strong>Aeschine</strong></span> <span class='ocrx_word' id='word_1_230' title='bbox 916 3249 961 3327; x_wconf 81' lang='lat' dir='ltr'><strong>(n.</strong></span> <span class='ocrx_word' id='word_1_231' title='bbox 983 3269 1124 3335; x_wconf 77' lang='grc' dir='ltr'><strong>παραιρ.</strong></span> <span class='ocrx_word' id='word_1_232' title='bbox 1145 3269 1180 3338; x_wconf 89' lang='grc' dir='ltr'><strong>Ρ.</strong></span> <span class='ocrx_word' id='word_1_233' title='bbox 1204 3248 1247 3316; x_wconf 81' lang='lat'><strong>30</strong></span> <span class='ocrx_word' id='word_1_234' title='bbox 1270 3247 1306 3338; x_wconf 87' lang='lat' dir='ltr'><strong>f)</strong></span> 
     </span>
     <span class='ocr_line' id='line_1_31' title="bbox 261 3343 1304 3445; baseline 0.005 -32"><span class='ocrx_word' id='word_1_235' title='bbox 261 3343 379 3413; x_wconf 86' lang='lat' dir='ltr'><strong>decem</strong></span> <span class='ocrx_word' id='word_1_236' title='bbox 410 3343 598 3437; x_wconf 81' lang='lat' dir='ltr'><strong>legatorum</strong></span> <span class='ocrx_word' id='word_1_237' title='bbox 626 3369 715 3413; x_wconf 86' lang='lat' dir='ltr'><strong>unus</strong></span> <span class='ocrx_word' id='word_1_238' title='bbox 744 3345 845 3414; x_wconf 80' lang='lat' dir='ltr'><strong>firisse</strong></span> <span class='ocrx_word' id='word_1_239' title='bbox 872 3345 1019 3432; x_wconf 89' lang='lat' dir='ltr'><strong>dicitur,</strong></span> <span class='ocrx_word' id='word_1_240' title='bbox 1049 3373 1136 3443; x_wconf 80' lang='lat' dir='ltr'><strong>quos</strong></span> <span class='ocrx_word' id='word_1_241' title='bbox 1166 3349 1304 3445; x_wconf 78' lang='lat' dir='ltr'><strong>Olymp.</strong></span> 
     </span>
     <span class='ocr_line' id='line_1_32' title="bbox 166 3448 1305 3548; baseline 0.005 -31"><span class='ocrx_word' id='word_1_242' title='bbox 166 3537 170 3548; x_wconf 30' lang='grc'>1</span> <span class='ocrx_word' id='word_1_243' title='bbox 262 3448 442 3534; x_wconf 57' lang='lat' dir='ltr'><strong>GV1.11,„2</strong></span> <span class='ocrx_word' id='word_1_244' title='bbox 473 3449 695 3517; x_wconf 86' lang='lat' dir='ltr'><strong>Athenienses</strong></span> <span class='ocrx_word' id='word_1_245' title='bbox 722 3452 815 3541; x_wconf 82' lang='lat' dir='ltr'><strong>pacis</strong></span> <span class='ocrx_word' id='word_1_246' title='bbox 845 3475 923 3520; x_wconf 87' lang='lat' dir='ltr'><strong>cum</strong></span> <span class='ocrx_word' id='word_1_247' title='bbox 952 3450 1112 3548; x_wconf 88' lang='lat' dir='ltr'><strong>Philippo</strong></span> <span class='ocrx_word' id='word_1_248' title='bbox 1140 3456 1305 3523; x_wconf 86' lang='lat' dir='ltr'><strong>ineundae</strong></span> 
     </span>
     <span class='ocr_line' id='line_1_33' title="bbox 259 3551 1304 3650; baseline 0.004 -26"><span class='ocrx_word' id='word_1_249' title='bbox 259 3579 358 3625; x_wconf 81' lang='lat' dir='ltr'><strong>eausa</strong></span> <span class='ocrx_word' id='word_1_250' title='bbox 387 3554 425 3626; x_wconf 89' lang='lat' dir='ltr'><strong>in</strong></span> <span class='ocrx_word' id='word_1_251' title='bbox 453 3551 691 3622; x_wconf 83' lang='lat' dir='ltr'><strong>Macedoniam</strong></span> <span class='ocrx_word' id='word_1_252' title='bbox 717 3554 891 3639; x_wconf 78' lang='lat' dir='ltr'><strong>misemnt,</strong></span> <span class='ocrx_word' id='word_1_253' title='bbox 910 3557 962 3622; x_wconf 83' lang='lat' dir='ltr'><strong>&#39;ab</strong></span> <span class='ocrx_word' id='word_1_254' title='bbox 985 3581 1093 3650; x_wconf 67' lang='lat' dir='ltr'><strong>eoque</strong></span> <span class='ocrx_word' id='word_1_255' title='bbox 1109 3559 1304 3628; x_wconf 54' lang='lat' dir='ltr'><strong>¹Aeschines</strong></span> 
     </span>
    </p>
   </div>
   <div class='ocr_carea' id='block_1_10' title="bbox 152 3655 1301 3753">
    <p class='ocr_par' dir='ltr' id='par_1_10' title="bbox 152 3655 1301 3753">
     <span class='ocr_line' id='line_1_34' title="bbox 152 3655 1301 3753; baseline 0.003 -25"><span class='ocrx_word' id='word_1_256' title='bbox 152 3728 156 3738; x_wconf 80' lang='grc'><strong>,</strong></span> <span class='ocrx_word' id='word_1_257' title='bbox 261 3657 306 3728; x_wconf 85' lang='lat' dir='ltr'><strong>ed</strong></span> <span class='ocrx_word' id='word_1_258' title='bbox 335 3658 540 3753; x_wconf 77' lang='lat' dir='ltr'><strong>legationem</strong></span> <span class='ocrx_word' id='word_1_259' title='bbox 575 3655 671 3726; x_wconf 89' lang='lat' dir='ltr'><strong>illam</strong></span> <span class='ocrx_word' id='word_1_260' title='bbox 705 3658 977 3729; x_wconf 84' lang='lat' dir='ltr'><strong>commendatum</strong></span> <span class='ocrx_word' id='word_1_261' title='bbox 1015 3687 1051 3730; x_wconf 90' lang='lat' dir='ltr'><strong>se</strong></span> <span class='ocrx_word' id='word_1_262' title='bbox 1081 3687 1160 3732; x_wconf 48' lang='lat' dir='ltr'><strong>*esse</strong></span> <span class='ocrx_word' id='word_1_263' title='bbox 1194 3665 1301 3734; x_wconf 86' lang='lat' dir='ltr'><strong>relert.</strong></span> 
     </span>
    </p>
   </div>
   <div class='ocr_carea' id='block_1_11' title="bbox 260 3759 1299 3857">
    <p class='ocr_par' dir='ltr' id='par_1_11' title="bbox 260 3759 1299 3857">
     <span class='ocr_line' id='line_1_35' title="bbox 260 3759 1299 3857; baseline 0.01 -29"><span class='ocrx_word' id='word_1_264' title='bbox 260 3760 358 3832; x_wconf 83' lang='lat' dir='ltr'><strong>Idem</strong></span> <span class='ocrx_word' id='word_1_265' title='bbox 385 3765 424 3835; x_wconf 89' lang='lat' dir='ltr'><strong>in</strong></span> <span class='ocrx_word' id='word_1_266' title='bbox 453 3759 527 3834; x_wconf 83' lang='lat' dir='ltr'><strong>ead.</strong></span> <span class='ocrx_word' id='word_1_267' title='bbox 556 3779 638 3830; x_wconf 87' lang='lat' dir='ltr'><strong>orat.</strong></span> <span class='ocrx_word' id='word_1_268' title='bbox 662 3779 744 3830; x_wconf 83' lang='lat' dir='ltr'><strong>extr.</strong></span> <span class='ocrx_word' id='word_1_269' title='bbox 766 3789 801 3857; x_wconf 90' lang='grc' dir='ltr'><strong>Ρ.</strong></span> <span class='ocrx_word' id='word_1_270' title='bbox 836 3766 877 3834; x_wconf 82' lang='lat'><strong>52</strong></span> <span class='ocrx_word' id='word_1_271' title='bbox 921 3759 1113 3836; x_wconf 84' lang='lat' dir='ltr'><strong>Nausiclem</strong></span> <span class='ocrx_word' id='word_1_272' title='bbox 1133 3766 1172 3836; x_wconf 89' lang='lat' dir='ltr'><strong>in</strong></span> <span class='ocrx_word' id='word_1_273' title='bbox 1193 3769 1299 3844; x_wconf 80' lang='lat' dir='ltr'><strong>amicis</strong></span> 
     </span>
    </p>
   </div>
   <div class='ocr_carea' id='block_1_12' title="bbox 151 3864 1302 3966">
    <p class='ocr_par' dir='ltr' id='par_1_12' title="bbox 151 3864 1302 3966">
     <span class='ocr_line' id='line_1_36' title="bbox 151 3864 1302 3966; baseline 0.003 -30"><span class='ocrx_word' id='word_1_274' title='bbox 151 3959 154 3966; x_wconf 20' lang='grc' dir='ltr'><strong><em>Δ</em></strong></span> <span class='ocrx_word' id='word_1_275' title='bbox 261 3868 328 3936; x_wconf 75' lang='lat' dir='ltr'><strong>suis</strong></span> <span class='ocrx_word' id='word_1_276' title='bbox 349 3883 385 3938; x_wconf 83' lang='lat' dir='ltr'><strong>et</strong></span> <span class='ocrx_word' id='word_1_277' title='bbox 399 3864 605 3959; x_wconf 82' lang='lat' dir='ltr'><strong>aequalibus</strong></span> <span class='ocrx_word' id='word_1_278' title='bbox 637 3886 798 3936; x_wconf 90' lang='lat' dir='ltr'><strong>recenset.</strong></span> <span class='ocrx_word' id='word_1_279' title='bbox 842 3871 932 3936; x_wconf 87' lang='grc' dir='ltr'><strong>Τιίιιι</strong></span> <span class='ocrx_word' id='word_1_280' title='bbox 959 3896 1128 3940; x_wconf 86' lang='lat' dir='ltr'><strong>unacum</strong></span> <span class='ocrx_word' id='word_1_281' title='bbox 1149 3871 1302 3947; x_wconf 84' lang='lat' dir='ltr'><strong>Nausicle</strong></span> 
     </span>
    </p>
   </div>
   <div class='ocr_carea' id='block_1_13' title="bbox 261 3970 1302 4186">
    <p class='ocr_par' dir='ltr' id='par_1_13' title="bbox 261 3970 1302 4186">
     <span class='ocr_line' id='line_1_37' title="bbox 261 3970 1302 4070; baseline 0.007 -33"><span class='ocrx_word' id='word_1_282' title='bbox 261 3985 360 4062; x_wconf 84' lang='lat' dir='ltr'><strong>atque</strong></span> <span class='ocrx_word' id='word_1_283' title='bbox 392 3970 808 4042; x_wconf 84' lang='lat' dir='ltr'><strong>Dictimn&#39;Demosthenes</strong></span> <span class='ocrx_word' id='word_1_284' title='bbox 831 3971 1075 4044; x_wconf 79' lang='lat' dir='ltr'><strong>administrasse</strong></span> <span class='ocrx_word' id='word_1_285' title='bbox 1096 4001 1170 4046; x_wconf 90' lang='lat' dir='ltr'><strong>rem</strong></span> <span class='ocrx_word' id='word_1_286' title='bbox 1192 3979 1302 4070; x_wconf 78' lang='lat' dir='ltr'><strong>puhli-</strong></span> 
     </span>
     <span class='ocr_line' id='line_1_38' title="bbox 261 4073 1301 4186; baseline 0.013 -45"><span class='ocrx_word' id='word_1_287' title='bbox 261 4099 334 4151; x_wconf 70' lang='lat' dir='ltr'><strong>carn</strong></span> <span class='ocrx_word' id='word_1_288' title='bbox 361 4073 468 4150; x_wconf 73' lang='lat' dir='ltr'><strong>fortn-</strong></span> <span class='ocrx_word' id='word_1_289' title='bbox 496 4075 587 4179; x_wconf 84' lang='lat' dir='ltr'><strong>apud</strong></span> <span class='ocrx_word' id='word_1_290' title='bbox 616 4073 912 4181; x_wconf 76' lang='lat' dir='ltr'><strong>Pseudoplutar‘ch.</strong></span> <span class='ocrx_word' id='word_1_291' title='bbox 941 4081 1000 4154; x_wconf 84' lang='lat' dir='ltr'><strong>vit.</strong></span> <span class='ocrx_word' id='word_1_292' title='bbox 1029 4083 1063 4151; x_wconf 89' lang='lat' dir='ltr'>X</span> <span class='ocrx_word' id='word_1_293' title='bbox 1092 4106 1141 4152; x_wconf 83' lang='lat' dir='ltr'><strong>or.</strong></span> <span class='ocrx_word' id='word_1_294' title='bbox 1173 4085 1301 4186; x_wconf 73' lang='grc' dir='ltr'><strong>Ριθι,</strong></span> 
     </span>
    </p>
   </div>
   <div class='ocr_carea' id='block_1_14' title="bbox 0 0 1373 4782">
    <p class='ocr_par' dir='ltr' id='par_1_14' title="bbox 0 0 1373 4782">
     <span class='ocr_line' id='line_1_39' title="bbox 0 0 1373 4782; baseline 0 0"><span class='ocrx_word' id='word_1_295' title='bbox 0 0 1373 4782; x_wconf 95' lang='lat' dir='ltr'><strong> </strong></span> 
     </span>
    </p>
   </div>
  </div>
 </body>
</html>
