2694 4784
773 322 819 394 66

716 418 876 434 m

273 529 340 599 que
373 525 496 570 corona
524 497 640 568 donati
667 511 746 564 sunt
768 520 808 561 ex
828 493 974 560 decretis
996 491 1143 576 Calliae,
1170 490 1311 559 Boedro·

272 608 394 677 inionis
421 604 540 672 XXVI
560 602 638 670 latis
661 599 800 692 Olymp.
822 599 919 666 CVII
940 623 969 664 a.
988 598 1148 663 nlmirum
1169 597 1204 678 3,
1226 599 1315 664 euius

263 703 399 781 ‘archon
425 731 613 802 eponymus
637 703 866 799 Apollodorus
892 703 997 769 Fastis
1024 701 1239 794 consignatus
1260 717 1312 782 cst,

272 841 412 914 prorsus
425 814 575 882 diversus
588 811 820 892 ussemonieo,
831 831 932 900 quem
940 806 1089 900 praefert
1101 803 1273 874 decretum
1291 805 1313 872 l.

279 1051 329 1096 to.
365 1050 402 1118 Ρ.
433 1021 507 1108 adt.
542 1022 637 1110 μέχρι
670 1020 785 1088 τούτου
816 1016 995 1102 Λασθένης
1026 1016 1118 1104 φίλος
1145 1014 1314 1100 ὠνομάζετο

324 1131 498 1210 Φιλίππου,
529 1125 587 1204 ἕως
613 1125 835 1215 προῦδωκεν
859 1123 1054 1189 Ὄλυνθον
1073 1155 1120 1172 -·
1141 1119 1200 1186 οὐκ
1226 1119 1314 1208 61ηρ-

320 1235 481 1325 arufiam,-
698 1331 775 1388 (ΠΜ
794 1329 868 1381 cm
881 1301 902 1374 a.

365 1438 521 1532 Olynthi,
542 1435 637 1504 urhis
658 1436 697 1502 in
719 1432 881 1502 Chalcide
896 1433 1169 1527 opulentissimae
1185 1448 1228 1498 ct
1248 1452 1312 1498 cum

277 1547 396 1614 ceteris
419 1540 622 1609 Chalcidicis
651 1541 838 1609 civitatibus
864 1536 1050 1608 foederatae
1077 1535 1263 1621 (Demosth.
1286 1561 1314 1600 π.

271 1675 418 1739 παροπρ.
441 1673 476 1740 Ρ.
499 1643 587 1731 4ο6),
609 1645 789 1739 Philippus
811 1666 879 1736 quo
903 1661 1052 1735 tempore
1075 1642 1146 1707 eius
1169 1642 1318 1708 societate

271 1757 420 1822 maxime
440 1750 631 1845 indigebat,
663 1749 721 1818 Ol.
746 1747 825 1828 CV·,
852 1747 893 1833 4,
924 1764 1038 1838 erepta
1062 1743 1327 1812 Atheniensibust

146 1932 151 1954 Ι
276 1859 435 1928 Potidaea
463 1855 710 1947 Olynthiisque
737 1851 874 1934 hadita,
904 1852 1086 1918 amicitiam
1117 1850 1182 1918 sihi
1214 1847 1318 1916 conci·

276 1962 382 2029 liavit.
426 1961 469 2026 V.
500 1983 573 2052 cap.
595 1959 630 2024 h.
653 1982 705 2025 nr.
728 1981 760 2024 a.
804 1957 852 2022 Ex
881 1981 947 2048 qua
973 1958 1062 2022 inter
1092 1977 1166 2021 eam
1194 1951 1328 2042 Philip-¹

276 2085 430 2156 pumque
450 2061 568 2128 foedus
589 2049 712 2128 initum
739 2078 788 2128 est
816 2062 864 2126 tut
891 2067 938 2151 τῷ
964 2067 1052 2150 κοινῇ
1081 2067 1227 2145 πολεμεῖν
1246 2055 1317 2144 πρὸς

273 2167 478 2252 Ἀθηναίους,
502 2167 561 2233 κᾶν
582 2166 660 2234 ἄλλο
680 2192 711 2235 τι
733 2165 809 2256 δόξῃ
815 2214 826 2246 ,
849 2171 937 2254 roolf]
958 2167 1161 2234 σπείσασθαι.
1204 2163 1318 2229 Liban-

277 2272 317 2336 in
336 2267 435 2337 ὖποθ.
466 2269 511 2336 ad
540 2271 630 2338 Dem
651 2294 719 2339 orr.
750 2267 893 2361 Olynth.
920 2293 956 2361 p.
980 2293 1011 2359 7.
1057 2270 1132 2355 Qua
1162 2266 1203 2334 de
1224 2287 1316 2332 eausa

279 2367 439 2468 Olynthii
461 2393 590 2470 gestum
612 2378 680 2444 iam
701 2393 797 2442 antea
819 2397 898 2440 oum
918 2374 1176 2443 Atheniensibus
1194 2369 1315 2437 bellum

278 2477 401 2546 deinde
417 2480 526 2550 iuneti
548 2480 709 2576 Philippo
723 2478 939 2549 sustinebant.
984 2478 1086 2546 Unde
1101 2480 1140 2545 in
1162 2475 1319 2546 anilem.

274 2607 308 2651 c.
329 2583 417 2650 Mid.
438 2608 474 2676 p.
498 2586 563 2653 566
578 2602 613 2652 et
626 2590 689 2675 578
713 2584 878 2676 expeditio
893 2582 1152 2666 Atheniensium
1171 2579 1321 2651 adversus

279 2685 474 2776 Olynthum
495 2705 710 2767 memoratur,
734 2687 792 2754 Ol.
815 2688 886 2754 sine
908 2686 1012 2756 dubio
1036 2685 1124 2756 CVI.
1155 2709 1185 2752 a.
1215 2709 1237 2753 n
1270 2699 1324 2750 aut

277 2791 299 2858 3
327 2789 414 2856 facta
442 2790 488 2879 (v.
517 2789 645 2858 Boeth.
672 2791 758 2856 iiber
785 2790 819 2858 d.
850 2791 1141 2860 Zeitverhiiltnisse
1174 2789 1239 2857 der
1259 2791 1324 2857 De-

277 2892 398 2962 mosth.
434 2895 473 2960 ll.
509 2918 542 2988 g.
585 2893 692 2960 Meid.
731 2896 770 2962 in
807 2896 900 2962 Actis
936 2892 1096 2963 Academ.
1133 2893 1250 2963 Rerol.
1287 2894 1322 2960 A

282 3001 478 3090 ¹⁸¹8'-¹9·
510 2997 614 3065 Class.
643 2997 759 3066 histor.
780 2999 942 3093 philolog.
975 3025 1009 3094 Ρ.
1040 3003 1104 3084 82).
1153 2997 1225 3066 Sed
1250 2997 1323 3066 Phi·

277 3101 391 3197 lippus
425 3127 532 3196 quum
564 3103 733 3172 continuis
768 3103 870 3170 bellis
900 3103 982 3171 inde
1014 3104 1057 3170 ab
1087 3101 1143 3170 Ol.
1177 3103 1279 3187 CVI,
1305 3099 1324 3186 l

277 3206 474 3276 Methonem
494 3207 754 3300 etApolloniam
776 3225 1008 3301 expugnasset,
1030 3214 1199 3301 urbesque
1223 3208 1327 3275 Grae·

278 3335 333 3379 cas
355 3314 393 3378 in
409 3311 551 3378 Threcia
574 3314 651 3380 sitas
672 3319 709 3379 in
730 3331 927 3405 potestatem
944 3337 1038 3380 suam
1055 3310 1235 3406 paullatim
1259 3335 1328 3381 om-

277 3441 337 3484 nes
358 3415 535 3505 redigeret,
557 3415 623 3508 ipsi
645 3415 713 3484 iam
735 3414 894 3508 Olynthii
914 3415 1138 3515 periculosam
1158 3418 1227 3498 sihi
1251 3439 1329 3483 cum

219 3561 222 3568 =
276 3545 356 3613 rege
378 3521 571 3587 societatem
593 3520 675 3600 rati,
710 3519 754 3598 ad
775 3521 996 3589 Athenienses
1018 3521 1185 3588 inclinare
1208 3542 1329 3614 coepa-

244 3621 250 3628 ’
276 3629 367 3693 runt.
413 3625 532 3716 Itaque
553 3622 693 3716 Olymp.
717 3642 774 3691 aut
797 3625 875 3692 CVI
903 3627 972 3693 iam
993 3651 1022 3693 a.
1045 3625 1068 3712 4
1090 3644 1148 3694 aut
1164 3625 1275 3707 CVII,
1313 3648 1324 3691 1

230 3732 234 3741 ’
275 3731 414 3796 ineunte
437 3751 520 3822 pace
542 3753 621 3795 cum
643 3730 690 3795 eis
701 3726 798 3808 faeta,
819 3727 951 3797 bellum
972 3727 1174 3796 diuturnum
1188 3753 1329 3823 compo·

274 3852 423 3900 suerunt.
467 3833 564 3898 Dem.
588 3833 626 3898 in
643 3832 817 3924 Aristum.
848 3858 883 3926 p.
913 3833 990 3903 656.
1035 3833 1180 3926 Olynth.
1202 3841 1260 3916 111,
1293 3860 1328 3924 p.

276 3939 329 4006 30.
373 3939 488 4029 anue
509 3936 618 4029 prima
634 3933 822 4004 discordiae
842 3936 1041 4032 Philippum
1055 3940 1144 4005 inter
1166 3955 1199 4004 et
1216 3935 1329 4030 Olyn-

275 4039 371 4109 thum
386 4063 483 4108 causa
495 4040 597 4108 fuisse
618 4039 724 4107 fertur
739 4041 910 4110 Demosth.
924 4060 957 4110 et
971 4043 1089 4109 Liban.
1105 4040 1142 4110 lt.
1164 4066 1214 4109 cc.
1248 4033 1329 4110 Mox

273 4143 357 4220 belli
378 4143 491 4237 palam
512 4143 703 4239 incipiendi
732 4143 912 4241 singularis
933 4149 1062 4216 occasio
1093 4171 1207 4215 ausam
1229 4172 1329 4240 prae·
