2694 4784
500 329 658 435 ...Q-

64 498 125 564 iam
150 492 297 564 Phocide
317 495 461 590 Delphis
482 497 637 564 habitum
660 519 738 564 esse.
783 495 890 562 Immo
906 494 1103 583 Demosthe-

63 625 120 666 nes
142 597 245 690 (λα.)
275 598 317 667 de
338 602 519 669 Aeschine:
543 603 678 684 {invisito
706 598 825 682 ἐλθών,
854 601 910 679 ait,
932 603 982 666 nol
1005 628 1102 670 σπον-

61 806 215 896 ὖμετέρων
235 810 347 891 τείχεσι
368 810 418 874 καὶ
443 808 535 901 χώρᾳ
564 810 615 873 καὶ
640 808 747 886 ὅπλοις
775 807 970 875 ἀπολωλόσιν
997 805 1129 892 εἴχιιο“

65 915 188 992 ἐκεῖνος,
218 913 401 985 assitunt
431 913 497 979 iam
530 911 702 978 decretum
734 911 822 979 illud
842 912 1102 1004 Amphictyoni-

67 1041 137 1084 cum
161 1014 203 1082 de
225 1015 451 1083 Phocensium
473 1015 604 1082 excidio
636 1015 761 1084 factum
785 1033 882 1099 esset3
910 1017 1004 1082 nulla
1028 1017 1100 1096 alia,

63 1137 93 1188 nt
111 1119 264 1200 videtur,
298 1117 476 1201 decorose,
506 1143 605 1212 quarn
630 1145 669 1186 ex
693 1147 759 1214 qua
781 1119 968 1186 Phocenses
991 1125 1100 1188 statim

59 1244 132 1316 post
153 1241 290 1318 pactum
313 1222 467 1290 Phalaeoi
489 1223 638 1316 perditos
666 1249 847 1316 eorumque
876 1224 976 1290 urbes
1010 1251 1101 1291 ever-

59 1353 104 1396 sas
134 1353 204 1414 esse
235 1326 328 1394 dicit.
378 1329 506 1395 Verum
536 1330 635 1395 etiam
668 1329 751 1396 haec
785 1353 862 1394 cum
896 1353 973 1396 vere
1007 1330 1100 1396 factis

60 1430 306 1526 quodammodo
324 1455 506 1523 congruere
521 1451 666 1524 possent,
689 1433 718 1500 si
740 1433 849 1499 statim
871 1449 948 1526 post
966 1453 1101 1527 pactum
1144 1509 1152 1518 ,

57 1537 212 1606 Phalaeci
235 1554 269 1604 et
290 1555 366 1602 ante
384 1538 673 1629 Amphictyonum
696 1555 896 1604 conventum
917 1532 1101 1605 Phocidem

58 1658 253 1734 occupasset
274 1639 461 1732 Philippus,
485 1647 589 1733 eaque
611 1639 816 1732 perfecisset,
845 1666 930 1734 quae
951 1646 1101 1710 continet

58 1749 128 1814 eius
163 1744 206 1812 ad
234 1744 456 1813 Athenienses
485 1743 639 1837 epistola,
667 1743 711 1812 ad
740 1771 842 1838 quam
869 1747 935 1812 iam
963 1769 1101 1815 conver-

58 1854 172 1920 timur.

144 1954 283 2023 Etenim
304 1956 431 2022 nuncio
454 1974 606 2048 accepto,
629 1954 848 2024 Athenienses
871 1957 907 2022 in
929 1953 1020 2023 bello
1043 1979 1102 2048 ap-

57 2058 208 2154 parando
232 2061 403 2153 occupmi,
430 2059 606 2154 Philippus
629 2063 675 2127 eis
698 2060 873 2154 epistolam
894 2061 995 2128 mittit
1017 2083 1100 2143 eam,
1135 2135 1137 2142 χ

60 2161 318 2258 quamneeinri'
347 2164 440 2232 iubet
462 2165 704 2233 Demosthenes
728 2164 770 2232 de
793 2189 860 2232 cor.
883 2191 917 2257 p.
942 2167 1015 2233 238.
1061 2167 1101 2230 ln

61 2293 95 2335 ea
116 2268 376 2336 Atheniensibus
398 2270 553 2349 nunciat,
585 2271 751 2336 traiecisse
781 2294 815 2336 se
838 2269 936 2361 Pylas
960 2288 992 2334 et
1015 2270 1102 2336 Pho'-
1135 2335 1139 2340 .

63 2373 171 2442 cidem
193 2373 378 2465 subegisse,
408 2375 445 2439 in
468 2373 622 2454 urbibus,
646 2397 731 2464 quae
753 2389 871 2465 sponte
894 2371 1104 2438 deditionem·

64 2475 228 2560 iecissent,
258 2474 425 2569 praesidia
453 2474 591 2557 locasse,
620 2477 715 2559 alias,
748 2501 833 2569 quae
860 2479 1003 2568 imperio
1032 2501 1101 2544 non

66 2577 262 2672 paruissent,
291 2580 324 2646 vi
346 2581 489 2672 cepisse,
518 2580 704 2673 incolisque
733 2582 771 2645 in
793 2575 984 2647 servitutem
1005 2581 1103 2646 reda-

63 2688 121 2752 ctis
143 2686 214 2754 solo
237 2709 403 2776 aequasse.
449 2685 519 2750 Iam
542 2687 603 2752 ista
623 2684 779 2752 Phocidis
803 2687 977 2778 occupatio
999 2711 1127 2778 quae--

35 2792 161 2886 nitur,
192 2807 308 2856 utrum
340 2791 453 2856 statim
480 2806 556 2882 post
585 2807 721 2882 pactum
748 2787 902 2856 Phalaeci
925 2813 1002 2855 cum
1026 2791 1104 2856 Phi-

56 2890 153 2988 lippo
177 2892 353 2974 acciderit,
382 2919 425 2960 an
455 2907 633 2962 convocato
658 2893 790 2964 demum
815 2895 1104 2986 Amphictyonum

58 2997 206 3065 concilio
228 2997 382 3088 sectoque
404 3022 519 3066 eorum
535 2995 678 3078 decreto,
701 2998 928 3063 Phocensibus
947 2998 1103 3065 exitioso?

55 3102 227 3171 Posterius
254 3099 426 3168 Weiskius
454 3103 620 3194 opinatur.
673 3104 719 3168 At
746 3102 896 3194 primum
925 3101 1102 3193 Philippus
1213 3169 1215 3176 ,

5 3215 6 3232 ’
55 3206 147 3298 ipsas
169 3200 411 3296 Thermopylas
444 3201 540 3298 pacto
571 3206 726 3272 Phalaeci
755 3205 929 3297 occupavit
955 3205 1102 3298 ideoque
1198 3275 1206 3280 ,

54 3333 174 3376 mense
207 3311 275 3376 iam
306 3307 568 3400 Scirophorione
597 3311 741 3392 traiecit,
772 3327 847 3376 tum
871 3332 912 3374 ex
940 3307 997 3377 illo
1021 3313 1102 3375 Am-

53 3414 282 3506 phictyonum
305 3411 436 3482 decreto
467 3413 549 3480 Abis
572 3417 714 3507 exceptis
742 3435 858 3481 omues
878 3412 1103 3480 Phocensium

55 3519 163 3583 urbes
178 3515 405 3584 'devastandae
429 3534 523 3596 erant
543 3523 584 3600 (v.
607 3517 640 3584 ll.
664 3541 713 3584 ec.
736 3541 809 3609 cap.
832 3517 866 3582 b.
890 3541 970 3582 uns
1000 3523 1101 3600 extr.)

54 3619 236 3687 Praeterea
257 3621 498 3688 Demosthenes
527 3622 563 3687 in
586 3646 635 3689 or.
665 3650 697 3688 n.
721 3639 860 3709 sepono„
885 3619 975 3686 haud
998 3621 1104 3686 ambi-

54 3749 123 3815 gue
148 3741 344 3816 occupatam
362 3745 453 3818 post
480 3744 612 3817 pactum
637 3723 790 3790 Phalaeci
824 3723 1005 3792 Phocidem
1028 3723 1130 3816 pith,

51 3831 125 3895 ries
156 3827 303 3910 indicat,
335 3831 373 3896 iu
403 3853 442 3896 eo
472 3829 701 3896 tantummodo
735 3855 752 3894 a
782 3829 933 3921 Philippi
964 3828 1105 3922 epistola

52 3932 279 4024 dissentiens,
302 3932 395 4024 quod
416 3957 526 4026 neque
557 3934 588 3998 vi
610 3958 673 4000 nec
694 3957 756 4024 per
779 3933 986 4000 obsidionem
1007 3934 1106 3998 suha-

50 4055 149 4102 ctam
172 4035 354 4104 Phocidem
382 4035 481 4116 dicit,
511 4039 638 4128 quippe
667 4039 744 4127 qui·
761 4038 888 4128 ubique
917 4057 1105 4106 monstrare

49 4138 207 4222 studeat,
241 4139 427 4210 Phocenses
450 4141 648 4234 Philippum
679 4142 722 4208 ad
744 4139 947 4212 coercendos
971 4142 1106 4208 Theba-
