2740 4774
716 264 874 368 ..u
924 355 927 362 ,

276 513 281 520 ¹
364 433 480 523 Itaque
502 433 585 497 haec
608 430 675 499 duo
698 430 834 514 decretu¹
851 457 957 524 quum
968 432 1140 520 manifesto
1162 432 1316 508 locosno

276 555 365 606 mota
400 553 433 602 ct
462 559 539 602 cum
560 535 653 629 iustis
683 537 927 619 confusa'sint,
955 539 1068 605 omnia
1098 531 1316 622 monumenta

231 660 234 669 '
275 639 533 733 publice‚,qnee
557 641 594 705 in
619 643 770 707 oratione
785 640 835 736 ⁴de
858 665 980 710 corona
993 643 1220 732 inveniuntur,
1244 646 1315 710 inre

252 750 255 758 ’
276 743 449 813 contendit
465 744 662 812 ¹B'oechhius
695 743 734 830 (l.
748 757 787 813 c.
809 771 843 838 p.
873 747 925 836 ¹9)
955 759 1025 814 non
1047 772 1066 812 a
1088 747 1315 816 Demosthene

235 908 240 918 .
276 874 345 916 esse
366 847 527 942 profecte,
549 848 609 914 sed
618 829 1090 943 posterioribustcmporibus
1113 851 1154 917 ab
1175 851 1315 920 homine

274 954 425 1048 quodum
444 952 609 1022 laborioso
631 953 781 1035 collecta,
804 972 843 1020 ut
872 978 986 1021 rerum
1014 973 1179 1048 gestarum
1209 956 1317 1046 expli·

228 1117 231 1122 .
275 1056 632 1135 cationi'inservirent.
676 1060 789 1151 Atque
811 1060 961 1150 profecto
994 1084 1065 1130 non
1093 1083 1171 1126 casu
1192 1061 1316 1128 factum

151 1145 160 1162 ⁸
229 1179 231 1186 “
274 1165 327 1247 sit,
349 1185 422 1230 non
441 1161 568 1228 defessa
589 1164 802 1230 librariorum
823 1187 940 1244 mann,
971 1162 1065 1255 quod
1090 1163 1171 1242 inde
1200 1189 1313 1230 ame-

275 1267 331 1336 dia
353 1266 502 1335 oratione
525 1269 730 1334 omnieacta
745 1265 886 1359 publica
908 1269 945 1332 in
966 1270 1121 1336 omnibus
1143 1265 1315 1336 codicibus

275 1370 522 1456 desiderantur3
550 1372 610 1438 sed
639 1370 732 1448 idem
758 1370 817 1436 ille
850 1371 950 1438 homo
979 1397 1117 1466 operam
1138 1374 1242 1444 nimis
1264 1397 1317 1438 ar-

270 1475 386 1559 duam,
409 1500 609 1569 qnnmeam
632 1473 676 1542 ad
698 1472 842 1544 mediam
863 1500 970 1568 usque
999 1480 1181 1546 orationem
1208 1480 1316 1546 conti·

274 1599 417 1664 nuassct,
439 1599 511 1666 tum
533 1577 666 1662 outfato
688 1581 893 1672 interruptus
915 1581 1145 1673 imperfectam
1166 1581 1316 1673 relique-

273 1688 336 1766 rit,
371 1701 443 1766 cut,
477 1681 569 1776 quod
597 1685 700 1775 magis
722 1683 867 1775 placeat,
898 1682 1043 1752 defessus
1076 1687 1169 1751 etin
1191 1684 1317 1752 celebri

274 1790 335 1873 illo
358 1788 590 1857 Demosthenis
613 1787 747 1856 decreto
778 1787 972 1883 subsistens,
992 1811 1035 1856 ex
1056 1810 1125 1880 quo
1146 1789 1317 1881 proelium

276 1893 723 1980 Chaeronenseconcitatum
736 1908 794 1973 cst,
817 1910 935 1983 sponte
949 1893 1174 1969 intermiserit.
1221 1895 1317 1978 Quae

273 1990 437 2070 sententia
459 2021 498 2064 eo
522 1998 622 2064 etiam
641 1997 836 2079 ‘confirmari
857 2013 975 2086 potest,
999 1993 1090 2088 quod
1099 2015 1318 2064 monumenta

273 2103 332 2172 illa
360 2105 397 2169 in
426 2099 627 2194 quibusdam
666 2101 839 2170 codicibus
874 2103 999 2192 partim
1034 2099 1154 2170 desunt
1190 2102 1318 2195 partim

274 2234 293 2274 a
326 2209 519 2300 recentiore
546 2229 649 2272 manu
675 2207 714 2272 in
747 2206 897 2300 margine
932 2223 989 2272 ent
1022 2206 1059 2270 in
1096 2206 1164 2276 ima
1192 2208 1319 2298 pagina

273 2311 440 2405 adscripta
468 2310 635 2402 leguntur.
693 2307 746 2376 Cf.
775 2309 914 2376 Bchher.
946 2307 990 2376 ad
1017 2334 1053 2401 p.
1084 2311 1146 2380 235
1177 2329 1210 2376 ct
1240 2312 1318 2378 238.

274 2416 375 2484 Unde
402 2439 480 2484 vero
508 2440 547 2480 ea
574 2414 749 2506 desumpta
769 2414 856 2481 sinti
880 2413 1066 2486 ,Nimirum
1094 2431 1150 2480 ent
1178 2438 1216 2480 ex
1239 2416 1318 2505 ipso
1360 2405 1361 2430 ³

271 2521 531 2589 Atheniensium
552 2519 733 2601 tabulario,
760 2536 826 2603 ent,
849 2543 935 2609 quae
956 2519 1048 2610 ipsae
1070 2541 1107 2584 ex
1129 2517 1190 2585 illo
1212 2518 1319 2584 fluxe·
1360 2523 1361 2598 l

273 2643 353 2696 runt
363 2623 465 2706 fonte,
488 2649 525 2692 ex
536 2641 832 2690 monumentorum
848 2622 1111 2704 collectionibus,
1134 2623 1319 2714 posteriori
1360 2609 1361 2630 ¹

273 2748 424 2821 tempore
446 2729 649 2818 compositis.
693 2722 808 2794 Fuisse
831 2727 924 2793 enim
950 2728 1150 2820 antiquitus,
1178 2720 1320 2817 preeter
1360 2711 1361 2792 l

273 2833 532 2924 inscriptionum
555 2828 782 2914 collectiones,
810 2831 1025 2920 ψηφισμάὲων
1054 2829 1234 2918 συναγωγὴν
1257 2848 1320 2897 ant

273 2936 377 3004 libros
399 2937 470 3022 περὶ
490 2935 705 3024 ψηφισμάτων
727 2959 746 3000 a
769 2934 906 3000 Cratero
937 2933 1123 3006 Macedone
1145 2937 1319 3024 composi·
1360 2979 1361 2986 κ

272 3059 322 3110 tos
345 3057 481 3128 constet,
505 3039 547 3106 dc
570 3039 692 3132 quibus
714 3063 823 3132 nuper
839 3037 1026 3106 Boeokhins
1048 3038 1219 3104 uberrime
1243 3040 1318 3127 egit

223 3199 226 3208 s
271 3147 306 3214 in
330 3144 435 3238 praef.
459 3144 502 3218 ad
525 3145 626 3236 Corp.
650 3145 752 3210 Inscr.
774 3145 805 3239 5
829 3143 877 3228 113
901 3168 941 3210 ex
962 3167 1029 3235 qno
1055 3143 1185 3210 Crateri
1208 3165 1317 3234 opere

270 3248 324 3317 vel
347 3274 382 3315 ex
404 3248 570 3341 similibus
600 3247 851 3316 collectionibus
881 3247 962 3314 elios
989 3248 1127 3340 petisse,
1150 3246 1228 3337 'qni'
1253 3245 1318 3312 dc-

273 3371 362 3422 cretc
383 3353 481 3420 nobis
502 3355 613 3419 Attica
635 3355 808 3434 servarint,
831 3355 969 3444 ipsoque
988 3351 1074 3418 haec
1093 3367 1317 3418 monumenta

272 3457 416 3526 orationi
445 3455 487 3522 de
520 3481 586 3526 cor.
609 3457 733 3524 inserta
754 3458 903 3537 fluxisse,
934 3455 1026 3521 idem
1053 3454 1180 3522 ibidem
1202 3455 1317 3546 suspi—

271 3580 396 3646 cutur-¹
421 3561 465 3628 Et
485 3561 549 3636 hac
572 3578 660 3627 certe
682 3558 750 3630 sola
771 3545 840 3642 viu„
867 3583 1063 3652 persuasum
1083 3559 1169 3626 mihi
1189 3559 1315 3640 haben,

186 3653 189 3662 Ι
272 3665 433 3760 explicari
466 3663 628 3756 plurima,
661 3689 704 3730 ne
738 3662 847 3732 dicam
878 3665 990 3732 omnia
1020 3685 1133 3756 posse,
1165 3664 1315 3754 quaein

270 3771 494 3836 monumentis
516 3767 567 3834 his
590 3769 748 3837 lectorem
771 3766 960 3836 offendant,
993 3770 1143 3833 Primum
1165 3792 1249 3858 quas
1273 3769 1315 3832 in

258 3873 401 3954 duobus
423 3873 588 3964 prioribus
602 3872 742 3940 decretis
758 3871 857 3940 modo
870 3869 1149 3963 deprehendimus
1162 3856 1313 3938 difficul-

272 3994 363 4056 tates.
405 3975 551 4044 Alterius
570 3975 695 4062 decreti
718 3978 813 4044 initio
827 3995 962 4067 rogator
978 3975 1110 4042 affertur
1127 3977 1314 4044 Καλλισθέ-

271 4107 326 4166 νης
338 4081 509 4148 Ἐτεονίκου
525 4081 701 4170 Φαληρεύς·
725 4084 761 4168 in
786 4080 933 4150 eiusdem
947 4080 1015 4156 fine
1029 4079 1165 4148 additur
1178 4103 1311 4147 rursus:
