2706 4782
476 245 633 346 ...fl-

51 434 121 486 staut
150 439 256 509 pauca
285 411 523 511 quaedampa
557 411 782 480 Demosthene
812 413 957 508 exempli
984 439 1079 486 causa

50 537 224 602 memorata,
247 543 332 612 quae
355 516 439 584 saeta
461 531 540 584 sunt
561 532 638 585 ante
661 531 801 584 aetatem
817 516 1056 613 Philippictm.

120 731 236 820 ltaque
257 727 366 808 rebus,
390 751 535 819 quarum
555 727 594 792 in
621 726 770 794 oratione
792 725 835 793 de
857 750 926 794 cor.
946 733 1077 799 mentio
1160 752 1164 761 ¹

51 835 89 914 fit,
106 835 147 898 ita
169 833 350 924 segregatis
372 847 406 897 ct
426 855 490 923 per
511 835 633 922 genera
660 828 845 923 dispositis,
877 856 980 924 quem
1009 833 1078 904 dis-

53 939 211 1030 putationis
234 955 367 1004 nostrae
388 937 476 1036 viam
497 936 708 1026 persecuturi
730 936 849 1018 simus,
877 938 955 1004 satis'
976 960 1076 1006 mon·

52 1060 165 1108 stratum
196 1057 255 1107 est
307 1038 372 1108 Sex
405 1041 497 1106 euim
525 1039 690 1132 capitibus
721 1061 836 1108 omnes
864 1043 1074 1132 quaestiones

53 1143 241 1212 absolvendas
263 1143 345 1224 iore,
369 1145 516 1237 exposita
538 1143 640 1212 modo
661 1145 747 1211 ratio
763 1145 943 1237 perspicue
965 1143 1073 1216 docet.

53 1251 154 1316 Eorum
174 1251 287 1343 primo
310 1249 353 1316 de
374 1251 416 1315 iis
438 1247 539 1314 rebus
566 1246 752 1318 dicendum
773 1249 854 1330 erit,
885 1273 971 1340 quae
991 1250 1074 1320 Phi-

54 1352 187 1446 lippieam
221 1370 363 1420 sautem
391 1368 662 1445 praecesserunt3
695 1349 842 1420 secundo
873 1351 1073 1446 exponenda

58 1483 89 1538 ea,
106 1481 182 1548 quae
205 1459 297 1525 inter
317 1455 447 1524 bellum
468 1454 788 1548 Amphipolitanum
815 1455 857 1524 ab
885 1449 1072 1526 Athenien-

59 1561 121 1627 sibus
147 1587 225 1629 eum
253 1560 414 1660 Philippo
442 1577 572 1652 gestum
596 1559 682 1628 facta
710 1577 805 1646 sunt3
839 1558 964 1629 deinde
991 1585 1070 1632 vero

61 1667 133 1732 uibus
153 1667 319 1760 capitibus
338 1661 598 1756 'complectenda
619 1687 668 1746 ea,
691 1688 777 1757 qnae
800 1663 844 1732 ad
868 1667 982 1760 ipsam·
1000 1666 1071 1734 De-

66 1771 205 1838 mosthenis
228 1769 558 1838 administrationem
578 1769 881 1864 pertinentesque
904 1769 949 1838 ad
968 1792 1070 1864 proe-

63 1869 115 1940 iu‘un
127 1875 165 1944 ad
180 1876 413 1945 Chaeroneam
428 1876 650 1944 commissum.
675 1875 770 1959 Quae
790 1898 868 1946 vero
889 1875 981 1944 huno
1003 1891 1070 1945 ten·

62 1977 155 2048 uinum
173 1979 350 2064 excedunt,
373 1997 603 2075 opportunum
624 1979 739 2048 locum
760 1997 850 2050 sexto
879 1982 988 2074 eapite
1014 1981 1067 2048 in·
1152 2051 1155 2059 ,

62 2085 172 2167 veuiem,
202 2110 274 2180 quo
295 2084 412 2152 ultima
443 2083 488 2151 de
510 2083 669 2152 orationis
692 2107 808 2168 causa,
842 2082 885 2153 de
914 2095 1066 2180 tempore

61 2181 108 2252 litis
128 2189 161 2256 ab
181 2189 348 2258 Aeschine
380 2189 418 2254 in
446 2187 701 2283 Ctesiphontem
729 2190 900 2258 institutae
932 2206 967 2258 et
992 2213 1066 2260 ora-

62 2289 137 2358 tionis
149 2291 185 2360 de
206 2318 332 2365 corona
352 2292 486 2361 habitae
509 2295 659 2388 quiaestio
681 2294 885 2364 tractabitur.

126 2499 237 2572 Cuncta
260 2526 338 2572 vero
360 2502 443 2570 baec
465 2526 507 2570 ex
535 2502 704 2596 propositi
731 2504 838 2582 nostri
864 2504 995 2571 ratione
1017 2502 1064 2570 ita

63 2606 252 2698 persequenda
282 2622 398 2688 esunt,
429 2623 467 2674 ut
500 2608 653 2676 omnium
681 2623 715 2675 et
746 2607 969 2701 explerentur
995 2631 1060 2691 res,

62 2717 83 2765 et
97 2720 223 2833 tempora
245 2735 306 2780 suo
323 2735 475 2804 quaeque
489 2709 610 2779 ordine
623 2709 877 2780 constituantur.
921 2712 962 2779 ln
976 2710 1063 2780 duo-

60 2801 100 2871 its
119 2815 223 2902 primis
254 2817 420 2910 capitibus
450 2816 633 2884 accuratius
662 2814 800 2883 sortasse
834 2831 868 2884 et
893 2816 1060 2910 copiosius

60 2907 151 3000 singula
169 2921 332 3012 quaedam
353 2922 499 3004 tractavi,
523 2945 625 3012 quam
640 2917 709 2988 loci
722 2918 872 2988 conditio
887 2921 1059 3014 requirere

61 3012 182 3103 videatur,
203 3030 366 3094 rationem
388 3025 513 3112 babens
540 3024 768 3118 sequentium,
799 3041 832 3092 et
852 3024 1087 3118 perpetuitas
1126 3113 1130 3121 Ι

63 3128 102 3182 uu
119 3126 275 3215 quendem
297 3130 499 3197 narrationis
521 3153 585 3197 nee
607 3131 772 3222 ingratam
802 3129 874 3197 iore
895 3128 1056 3198 arbitrans

37 3231 161 3317 teque
152 3218 298 3304 tustituto
322 3251 433 3302 nostro
456 3230 620 3302 inutilem.

37 3497 38 3506 ,
114 3434 308 3533 Tempotuum
331 3461 439 3511 autem
463 3443 706 3511 accuratissima
728 3444 935 3534 investigatio
958 3461 995 3514 ut
1016 3443 1055 3510 in

66 3531 206 3610 Universum
226 3546 351 3637 probae
380 3571 496 3632 rerum
525 3548 726 3642 cognitionis
755 3548 923 3668 princeps
946 3546 1055 3640 quod-

37 3619 106 3699 ‘³²⁰1
122 3641 363 3718 fundamentum
387 3669 445 3734 est,
468 3653 515 3720 itu
536 3653 574 3717 in
595 3675 644 3718 or.
668 3649 710 3716 de
733 3673 800 3718 cor.
832 3652 873 3716 iis
902 3671 1055 3742 praeser-

62 3730 96 3799 il'ffl
112 3741 181 3814 locis
203 3752 466 3838 desiderabatur,
501 3755 623 3848 quibus
653 3753 784 3821 tabulam
817 3754 973 3846 publicae
999 3777 1055 3821 re-
1152 3799 1163 3814 ·
1265 3777 1269 3786 ’

61 3843 370 3928 utinamutinam
391 3858 558 3954 plurimae
578 3858 744 3950 praefixos
768 3857 906 3961 quidem
927 3859 1055 3925 habent

61 3941 203 4040 archontes,
237 3965 355 4054 quibus
392 3965 561 4032 numerari
598 3960 689 4055 apud
720 3952 941 4032 Athenienses
973 3957 1053 4030 anni
