2706 4782
600 239 647 284 vn

102 395 197 474 mihi
242 396 497 474 suavissimum
544 395 661 474 effert.
728 393 840 492 Quod
890 419 1008 498 quum
1054 402 1148 499 grau

103 521 218 596 animi
257 520 333 593 mei
374 515 593 593 testificandi
634 539 742 594 ceusu
784 499 882 590 Tibi
911 518 986 591 itm.
1019 514 1148 612 offero,
1179 512 1181 524 '

102 641 278 717 daturum
294 643 349 716 'l’e
370 639 463 714 mihi
488 637 598 716 simul
622 637 721 714 hune
746 662 829 716 esse
856 639 999 727 venium
1025 662 1149 740 spero,
1260 647 1263 652 '

102 779 147 838 ut
171 761 220 838 ud
246 766 301 837 Te
326 759 497 856 relicuum,
523 785 621 863 quae
647 758 697 835 ud
712 763 767 835 Te
781 757 922 836 referre
950 783 1037 834 eum
1062 783 1175 870 meu¹

105 909 166 958 me
189 886 328 985 pietas,
361 895 441 957 tum
474 905 690 958 communes
723 897 871 957 nosnos
892 880 1057 956 sationes
1082 883 1148 956 iu-

99 993 198 1082 here
224 1002 407 1082 videntur.
979 1017 981 1022 ’
1047 1009 1073 1068 Ἰ

208 1130 331 1224 Quum
364 1126 477 1228 igitur
509 1139 594 1204 unte
626 1124 699 1202 hos
726 1107 823 1202 duos
849 1121 929 1200 fere
955 1145 1074 1198 eunus
1099 1145 1147 1198 ex

102 1245 185 1324 aliis
210 1250 446 1348 antiquarum
476 1244 685 1322 litterarum
718 1241 955 1322 deverticulis
969 1239 1029 1322 ud
1055 1269 1147 1320 ora-

101 1385 206 1444 tores
240 1371 381 1443 Atticos
417 1365 670 1465 devenissem,
715 1387 875 1470 quotum
907 1391 970 1441 me
1000 1367 1155 1466 primus·

98 1491 267 1591 propriis
293 1493 369 1564 suis
398 1487 655 1592 confessisque
676 1487 874 1565 virtutihus
900 1487 1060 1564 maxime
1085 1487 1146 1562 al-

96 1608 252 1688 liciebat
276 1609 562 1704 Demosthenes,
589 1611 694 1713 quod
720 1608 770 1685 ed
796 1613 851 1684 Te
864 1607 1148 1685 Schoemunnus

99 1735 143 1806 in
166 1756 237 1806 suo
265 1730 313 1806 de
340 1732 496 1806 comitiis
522 1731 801 1806 Atheniensium
833 1729 933 1804 libro
971 1753 1147 1830 conque-

101 1868 180 1927 stus
205 1867 275 1944 est,
302 1851 351 1926 ad
377 1849 454 1926 hoc
478 1851 705 1952 scriptorum
737 1875 856 1954 genus
881 1849 1005 1954 probe
1029 1851 1145 1926 intel·-
1231 1921 1236 1930 .

97 1971 290 2076 ligendum
316 1996 449 2073 parum
474 1995 545 2047 nos
568 1997 650 2049 esse
672 1976 883 2068 instructos,
909 1993 1039 2050 vemm
1053 1974 1157 2074 quim

98 2095 191 2170 dem
215 2094 291 2170 hoc
319 2095 471 2168 omnino
500 2117 582 2170 esse
614 2093 724 2170 facile
757 2091 1021 2196 intelligebam.
1073 2100 1145 2168 At-

98 2233 227 2292 tamen
252 2239 348 2318 quae
371 2213 423 2289 ud
457 2215 628 2290 forenses
654 2218 816 2290 >maxime
851 2219 1035 2292 orationes
1065 2213 1144 2290 de-

99 2335 284 2410 sideretur
297 2332 468 2412 'civitatis
494 2339 746 2412 institutorum
763 2352 800 2412 et
819 2339 912 2411 iuris
937 2335 1142 2438 legumque
1227 2417 1230 2423 ,

104 2460 288 2555 cognitio,
325 2481 404 2530 eum
438 2456 591 2560 quidem
627 2459 761 2532 affatim
795 2460 869 2530 iam
902 2481 947 2532 ex
981 2459 1027 2530 iis
1061 2456 1159 2558 peti·

100 2599 218 2678 posse
250 2582 435 2676 persensi,
477 2605 576 2682 quae
608 2583 770 2681 primum
803 2580 895 2670 Tne,
930 2599 1030 2678 quae
1053 2573 1142 2677 post

99 2701 156 2772 Te
191 2695 456 2800 Schuemunni,
497 2725 595 2803 quue
630 2701 762 2776 Meieri
799 2699 1030 2802 aliorumque
1071 2723 1140 2774 re-

99 2820 311 2894 centissime
345 2822 553 2922 exploravit
601 2838 638 2896 et
672 2819 926 2922 suppeditavit
960 2823 1139 2922 sagacitas
1187 2919 1188 2922 Ἴ

99 2953 137 3014 et
164 2937 362 3041 diligentis.
415 2940 490 3017 Sed
514 2945 553 3017 in
580 2967 626 3018 eo
652 2945 807 3024 maxime
831 2943 1040 3047 strutionum
1065 2967 1140 3043 ge·

96 3085 209 3153 nere,
242 3061 348 3162 quod
375 3062 423 3137 ud
448 3065 504 3138 rei
530 3061 706 3164 publicae
740 3064 814 3139 fatu
847 3061 1139 3165 administratio·
1169 3079 1173 3086 ·
1204 3067 1224 3168 ἰ

96 3183 260 3283 nemqhe
287 3187 480 3282 pertineat,
504 3209 582 3258 non
607 3184 702 3286 fugit
725 3209 788 3258 me
812 3207 932 3287 usqne
952 3205 1023 3258 nos
1050 3207 1139 3258 tuo-

91 3300 305 3403 lestissimjs
333 3302 609 3380 difficultatibus
621 3301 803 3406 impediri,
830 3325 926 3407 quae
951 3308 991 3380 in
1012 3329 1151 3380 rerum·

97 3440 287 3524 gestarum
305 3422 535 3500 obscuritate
550 3441 587 3500 et
607 3425 876 3528 discrepantiis,
901 3441 1157 3528 temporum-·

99 3565 176 3646 que
201 3547 444 3621 inconstantia·
476 3563 514 3622 et
546 3549 699 3648 ancipiti
733 3547 947 3624 conditione
969 3571 1140 3623 -versen-

99 3681 172 3742 tur.
223 3665 355 3766 Neque
380 3691 471 3744 vero
495 3665 557 3743 his
590 3666 713 3770 probe
746 3685 998 3770 accurateque
1020 3670 1141 3744 extri·-

97 3784 230 3861 cmdis
246 3791 379 3881 Tuum,
392 3787 574 3880 Bueckhi,
593 3779 818 3892 'exemplum'
835 3788 972 3867 deerat.
994 3827 998 3838 ·
1022 3793 1141 3866 'luem

97 3907 188 3984 dicu
216 3894 309 3981 ule*
330 3910 631 3986 Demosthenem
675 3903 716 3984 iu
761 3905 913 3986 Midinm
963 3909 1141 3988 cretionis
1225 3941 1229 3944 ·

98 4025 345 4131 chronologia
377 4029 758 4126 Commentationum,
799 4056 914 4135 quae,
955 4050 998 4109 ut
1030 4033 1141 4110 simili
