2712 4762
262 480 310 529 ιιιΙ
321 457 401 528 belli
414 456 567 526 adversus
583 455 785 526 Macedones
808 456 840 523 ei
856 457 1125 524 communionem
1144 453 1311 524 offerrent

247 563 427 650 i(cs.Diod.
441 559 463 630 I.
475 569 532 646 c.);
554 578 631 654 post
643 561 737 627 Darii
748 577 889 629 mortem
903 560 1047 628 Iustinus
1059 581 1194 652 quoqne
1207 560 1311 648 (XII,

268 677 297 752 ι)
311 665 514 747 Alexandro,
536 668 574 731 in
589 655 717 732 Parthis
727 665 883 745 vementi,
904 664 1075 757 Antipatri
1086 663 1244 756 epistolas
1257 662 1313 730 al·

263 771 343 840 latas
365 788 487 852 namur,
510 769 634 863 quibus
651 767 783 844 ,bellum
803 766 921 860 Agidis
948 769 1034 860 regis
1057 767 1313 860 Spartanorum

262 877 459 945 nunciatum
487 873 539 940 sit.
591 873 701 956 Quam
728 872 771 942 ob
805 896 877 940 rem
905 870 1042 938 bellum
1069 871 1135 940 hoe
1170 889 1314 940 motum

211 967 212 974 ἵ
263 1004 332 1048 esse
361 975 550 1046 verisimile.
568 993 632 1057 est,
666 975 703 1042 id
732 974 825 1070 qnod
852 974 1022 1044 Diodorus
1052 976 1151 1043 etiam
1176 974 1313 1044 diserte

262 1083 357 1164 dicit,
378 1098 454 1175 post
473 1080 648 1148 victoriam
667 1080 710 1147 ad
730 1079 855 1148 Arbela
867 1097 1006 1148 exeunte
1029 1079 1168 1174 Olymp.
1192 1075 1313 1162 CXII,

263 1211 294 1269 a,
317 1185 538 1253 defectoribus
561 1183 743 1252 Alexandri
759 1186 795 1250 in
816 1184 1050 1251 remotissimas
1072 1185 1170 1251 Asiae
1191 1185 1313 1276 regio·

262 1312 321 1357 nes
343 1288 584 1382 profectionem
605 1306 675 1354 tum
699 1305 909 1356 consecutam
935 1281 1082 1355 consiliis
1110 1290 1179 1356 suis
1205 1311 1312 1380 egre-

262 1396 324 1487 gie
343 1393 451 1461 favere
480 1393 753 1459 existimantibus.
803 1393 856 1458 De
885 1391 950 1460 hoc
980 1391 1069 1459 hello
1099 1409 1209 1460 autem
1235 1395 1312 1460 Ae-

260 1497 410 1566 schines:
433 1493 678 1581 Λακεδαιμένιοι
698 1496 756 1580 μέν
776 1496 873 1563 saiso
896 1495 1012 1576 ξενικὸν
1032 1498 1178 1582 έπέτυχον
1196 1496 1308 1586 μάχῃ,

182 1581 208 1614 ⁴⁴
258 1589 312 1670 καὶ
334 1601 516 1691 διέφθειραν
529 1600 604 1679 τοὺς
624 1603 693 1688 περὶ
714 1597 880 1690 Κέῤῥομον
902 1601 1111 1688 στρατιώτας·
1129 1602 1254 1670 Ἠλεῖοι
1277 1606 1310 1670 δ’

148 1766 156 1787 ,
259 1706 367 1785 αὐτοῖς
398 1705 683 1792 συμμετεβάλλοντο
711 1707 762 1771 καλ
783 1703 900 1788 Ἀχαιοὶ
928 1706 1041 1782 πάντες
1065 1705 1145 1792 πλὴν
1170 1710 1310 1792 Πελλη-

259 1811 355 1878 ναέων
387 1812 437 1876 καλ
463 1808 613 1896 Ἀρκαδία
642 1814 729 1875 πᾶσα
761 1806 844 1894 πλὴν
869 1807 1021 1896 Μεγάλης
1052 1801 1184 1888 cedisosi
1214 1811 1307 1896 αὕτη

259 1917 287 1982 d'
324 1917 542 2001 ἐπολιορκεῖτο,
576 1915 627 1979 καὶ
661 1914 734 1979 καθ’
767 1910 899 1998 ἑκάστην
931 1909 1051 2000 ἡμέραν
1084 1915 1226 1994 έπέιλοξος
1260 1909 1307 2000 ἦν

133 2023 136 2032 ’
259 2015 391 2086 ἁλῶναι·
415 2013 432 2082 ὃ
456 2016 483 2083 d'
500 2006 702 2104 Ἀλέξανδρος
723 2015 785 2096 έξοι
813 2022 870 2093 τοίς
895 2016 1011 2104 ἄρκτου
1036 2021 1087 2088 καλ
1114 2023 1172 2102 τῆς
1193 2016 1301 2084 οἰκου-

179 2111 183 2126 ’
257 2122 353 2207 μένης
385 2120 489 2206 ὀλίγον
524 2121 587 2186 δεῖν
618 2119 722 2204 πάσης
753 2119 965 2206 μεθειστήκει,
995 2117 1011 2187 ὃ
1042 2123 1069 2187 δ’
1093 2119 1297 2206 Ἀντίπατρος

257 2224 382 2294 πολὺν
399 2223 542 2313 χρόνον
564 2229 674 2311 συνῆγε
696 2223 915 2312 στρατόπεδον,
940 2223 976 2292 τὸ
1000 2227 1026 2292 δ’
1048 2224 1194 2309 ἐσόμενον
1214 2223 1301 2309 dca-

257 2335 314 2396 λον
333 2323 372 2414 ἦν
393 2325 453 2411 (or.
477 2329 513 2395 in
537 2328 624 2396 Cres.
654 2354 687 2422 p.
713 2335 776 2420 77).
823 2329 939 2421 Itaque
968 2329 1030 2396 sub
1052 2327 1204 2396 medium
1223 2327 1301 2394 fere

258 2449 384 2500 annum
397 2431 532 2525 Olymp.
547 2433 654 2516 CXII,
677 2435 709 2516 3,
730 2433 891 2499 nimirum
905 2431 1043 2501 finiente
1061 2448 1191 2513 secute,
1214 2455 1302 2501 oon·

203 2599 207 2606 .
255 2555 453 2604 sentaneum
476 2555 525 2604 est
545 2536 664 2604 fractas
692 2529 732 2602 ab
754 2538 932 2628 Antipatro
954 2535 1301 2606 Lacedaemoniorum

255 2642 341 2708 vires
361 2664 442 2716 esse
478 2641 546 2707 acri
576 2640 706 2734 proelio
736 2639 817 2724 illos
842 2641 880 2706 in
910 2662 976 2735 quo
1006 2641 1087 2736 Agis
1117 2641 1302 2735 gloriosam

254 2762 398 2814 mortem
425 2745 582 2812 occubuit
608 2743 759 2828 (Diodor.
792 2745 907 2823 XVII,
940 2746 992 2812 62.
1050 2745 1143 2813 Gurt.
1165 2745 1231 2825 VI,
1269 2771 1298 2826 ι,

185 2841 189 2849 ’
259 2847 300 2916 16
320 2871 394 2942 sqq.
440 2848 556 2914 lustin.
588 2848 668 2927 XII,
697 2851 737 2935 ι).
782 2847 853 2917 Hoc
883 2847 970 2917 facto
1000 2868 1194 2918 convocatae
1227 2850 1300 2918 Co-

253 2951 406 3021 rinthum
427 2967 504 3019 sunt
518 2949 677 3019 Graeciae
700 2953 857 3034 civitates,
879 2979 898 3018 a
919 2952 1187 3021 Lacedaemoniis
1202 2954 1299 3021 obsi-

254 3053 312 3123 des
336 3056 579 3149 quinquaginta
606 3057 781 3147 Antipatro
815 3056 884 3123 dati
919 3053 1088 3151 legatique
1116 3059 1152 3124 in
1174 3058 1293 3125 Asiam

254 3159 297 3227 ad
319 3159 542 3226 Alexandrum
563 3159 665 3239 missi,
688 3162 748 3252 qui
778 3163 864 3252 regis
894 3160 1103 3228 clementiam
1131 3160 1295 3255 implora-

251 3281 336 3331 rent
383 3263 480 3331 Diod.
505 3261 620 3344 XVII,
651 3265 703 3353 73.
748 3264 842 3331 Curt.
865 3263 929 3344 VI,
958 3290 992 3344 ι,
1015 3289 1067 3334 ao.
1112 3267 1156 3334 Et
1176 3268 1291 3358 ipsum

253 3369 351 3435 ctiam
361 3366 544 3435 hunc'belli
556 3383 710 3434 eventum
718 3367 898 3436 Aeschines
907 3369 960 3436 his
972 3369 1292 3440 verbiscommemo-

251 3481 325 3540 rata
343 3470 588 3556 Λακεδαιμένιοι
604 3453 645 3538 ’,δ’
674 3471 703 3536 οἳ
732 3473 921 3560 ταλαίπωροι
951 3511 990 3524 ·-
1014 3481 1068 3542 νῦν
1096 3465 1290 3563 ὃμηρεῦσσν·

250 3599 303 3653 τες
323 3577 372 3644 καλ
396 3580 452 3659 τῆς
468 3579 637 3662 συμφορᾶς
664 3576 806 3654 έπέδειξιν
832 3576 1027 3663 ποιησόμενοι
1053 3579 1216 3662 μέλλουσιν
1246 3578 1290 3658 ὡς

246 3677 450 3766 Ἀλέξανδρον
470 3677 723 3762 ἀναπέμπεσθαι,
746 3686 837 3746 τοῦτο
860 3679 1033 3764 πεισόμενοι
1053 3685 1104 3759 καλ
1127 3683 1214 3750 αὐτοὶ
1237 3689 1288 3752 καλ

249 3777 424 3867 ἥπστρές,
462 3781 481 3848 d
509 3807 539 3848 τι
560 3781 600 3848 dv
621 3784 723 3872 έκεένῳ
745 3781 840 3872 δόξῃι
868 3785 905 3850 in
929 3785 1015 3851 Ctes.
1038 3810 1147 3878 p.·72.
1194 3789 1288 3872 Quae

252 3909 359 3978 quum
380 3887 426 3953 ita
447 3887 529 3967 sint,
558 3883 658 3952 altera
680 3903 773 3978 parte
805 3888 884 3952 anni
909 3886 1044 3982 Olymp.
1068 3890 1165 3958 CXII
1197 3895 1289 3960 tertii

142 4044 149 4074 ,Ι
250 3987 425 4081 probabile
461 4008 510 4059 est
538 4009 654 4058 actum·
677 3988 720 4056 de
755 4013 877 4058 corona
913 4011 1080 4060 certamen
1111 4018 1189 4062 ease.
1244 3997 1289 4063 Et

250 4115 385 4162 excussa
413 4092 494 4162 haec
522 4119 540 4160 a
569 4119 622 4160 me
649 4096 839 4163 accuratius,
854 4114 944 4178 sunt,
972 4121 1038 4189 quo
1061 4100 1180 4170 certius
1205 4124 1287 4168 con-
