2750 4772
671 275 828 400 ffimo
858 370 860 375 Ι

1086 379 1120 405 ,ι

233 469 262 511 ο.
289 445 348 534 24)
380 449 509 514 eausam
545 465 615 509 esse
644 443 830 510 institutam
851 441 961 510 relect
969 447 999 522 ⁴²)
1049 443 1160 532 Atque
1190 441 1268 510 huic

232 567 323 619 certe
345 549 488 639 tempori
510 547 659 638 proxime
675 548 774 613 etiam
791 531 954 614 accedunt
966 545 1139 610 Ciceronis
1153 546 1267 612 verrba

233 653 340 736 „hanc
362 651 521 719 mulctam
544 677 561 714 a
585 650 802 742 Ctesiphonte
824 650 922 739 petiit
946 648 1157 740 [Aeschines]
1190 675 1271 740 qua-

159 773 162 778 “
235 757 391 823 driennio
422 773 497 835 ante
527 753 678 846 Philippi
707 751 899 834 Macedonis
921 761 1098 836 mortem;“
1121 753 1178 842 (de
1202 771 1271 844 opt.

234 885 308 952 gen.
332 878 413 927 orat.
436 883 463 924 c.
478 861 522 948 7),
546 861 582 924 in
605 879 674 950 quo
697 875 805 923 tamen
830 857 1274 949 quadriennium'ante
1357 867 1358 872 ’

233 963 407 1030 nonidem
427 962 540 1044 valeat,
564 987 601 1030 ac
625 957 800 1054 quatuor·
821 961 943 1028 annis
965 978 1074 1042 ante,
1097 959 1273 1026 sch1·ae·
1357 955 1358 1008 ἦ

235 1093 313 1134 οιιιιι
336 1091 404 1134 esse
422 1067 596 1150 Ὀλύμπιος
616 1075 733 1156 potest.

322 1170 448 1240 Idem
438 1173 605 1238 institutae
638 1168 776 1235 actionis
801 1185 927 1261 tempus
950 1169 1152 1238 confirmant
1173 1137 1272 1236 etiam

234 1294 364 1342 auctori
380 1276 565 1365 argumenti
594 1274 635 1339 ll.
667 1273 709 1339 ad
731 1297 777 1339 οι.
808 1271 849 1348 de
872 1297 939 1340 cor
970 1291 1002 1339 et
1022 1274 1177 1340 Pseudo·
1186 1272 1271 1338 Plut.

232 1383 271 1447 in
293 1381 360 1446 Vir.
384 1382 416 1444 x
438 1401 503 1445 orr.
528 1368 700 1444 Demosth.
723 1376 800 1446 Vol.
826 1378 901 1444 XII.
925 1402 958 1468 p.
972 1378 1045 1447 263.
1069 1379 1121 1458 H„
1146 1379 1274 1468 quippe

236 1488 296 1575 q‘ui
320 1483 579 1550 Demosthenem
609 1483 767 1549 continuo
797 1480 1032 1572 postfcladem
1060 1481 1102 1546 ad
1126 1482 1275 1549 Chaero-

234 1613 334 1655 neam
371 1587 542 1668 moenium
579 1578 839 1652 reficiendorum
880 1609 1001 1652 munus
1028 1584 1274 1652 administrasse

234 1691 387 1757 celerant.
440 1689 568 1756 Verum
595 1689 647 1773 hi,
674 1688 766 1781 quod
793 1707 869 1781 post
897 1689 1025 1756 cladem
1057 1691 1274 1758 Chaeronen-

236 1818 306 1862 sem
333 1793 469 1860 demum
500 1795 646 1860 creatum
680 1795 779 1859 etiam
809 1793 1068 1860 Demosthenem
1090 1819 1158 1860 esse
1180 1819 1273 1860 moe-

235 1900 333 1966 nium
345 1916 530 1965 curatorem
542 1897 670 1978 dicunt,
689 1898 725 1962 in
735 1920 772 1963 eo
780 1896 952 1990 manifesto
963 1916 1084 1978 errant,
1098 1901 1125 1970 si
1136 1897 1273 1990 quidem

176 2082 179 2085 ,
235 2005 394 2092 continuo
417 2021 493 2092 post
514 2026 601 2081 eam,
629 2001 694 2066 hoc
722 2019 770 2067 est
797 2025 909 2079 mense
932 2003 1170 2092 Metagitnione
1192 2003 1273 2068 reli·
1357 2051 1358 2062 ,

235 2106 365 2175 ciendis
387 2106 631 2170 muris'manus
658 2106 809 2196 apposita
843 2124 904 2183 est,
925 2104 1116 2196 ,eademque
1147 2129 1272 2198 oppor-

235 2214 375 2280 tunitate
409 2208 649 2276 Demosthenes
682 2215 855 2292 τειχοποιοῦ
892 2235 1031 2277 munere
1060 2209 1271 2300 fungebatur.

250 2575 254 2582 .
279 2529 404 2610 ⁰)1nde,
427 2529 509 2611 quod
531 2529 600 2589 mire
622 2529 750 2612 additum
773 2545 825 2605 est,'
847 2523 957 2610 μικρὸν
979 2523 1079 2604 ἐπάνω
1102 2531 1165 2592 τῶν
1185 2527 1273 2590 Xar-

323 2620 474 2699 ρωνικῶν,
517 2631 545 2676 et
579 2640 639 2697 quo
671 2619 850 2697 potissimum
886 2618 1000 2676 Corsini
1036 2620 1134 2699 opinio
1171 2619 1271 2678 nititur

248 2763 252 2770 ,
323 2707 460 2764 actionem
488 2717 551 2760 ante
573 2725 698 2784 pugnam
721 2704 860 2762 Chaeron.
886 2705 932 2764 Ol.
957 2704 1029 2776 CX,
1063 2727 1094 2780 a,
1117 2706 1271 2762 institutam

321 2790 518 2848 contendentis
535 2789 592 2868 ¹(F.
616 2792 651 2847 A.
676 2789 741 2848 diss.
765 2789 812 2847 Ill.
841 2793 876 2849 13
901 2805 929 2848 ct
951 2789 1027 2848 VIII.
1053 2789 1121 2871 23),
1152 2791 1181 2855 id
1204 2814 1271 2850 cum

313 2875 493 2934 'Casauhono
529 2873 694 2932 mutandum
717 2877 871 2934 conieceris
902 2878 929 2933 in
957 2869 1067 2956 μικρὸν
1095 2873 1269 2958 κατωτέρω·

322 2961 404 3043 quod
417 2977 508 3020 tamen
523 2961 659 3042 equidem
670 2960 913 3032 audaciusiactum
924 2985 1040 3022 censeo·
1058 2960 1163 3045 Neque
1175 2979 1271 3022 tamen

321 3047 496 3130 persuadere
517 3049 584 3106 mihi
598 3071 724 3130 possum,
745 3049 929 3108 Plutarchum
951 3065 1014 3108 ante
1036 3073 1160 3130 pugnam
1175 3051 1271 3109 Chae·
1357 3045 1358 3052 ¹

320 3156 384 3194 ron.
413 3135 490 3194 litem
520 3136 673 3194 institutam
707 3135 858 3210 iudicasse,
882 3139 993 3218 quippe
1017 3137 1098 3215 quod
1116 3139 1179 3218 ipse
1200 3139 1270 3196 sciat

322 3221 535 3302 Metagitnionis
548 3222 602 3280 VII
617 3245 678 3281 esse
700 3222 737 3280 ad
752 3223 945 3282 Chaeroneam
968 3223 1137 3281 condictum.
1175 3226 1269 3298 Quam

322 3307 362 3366 ob
391 3330 450 3366 rem
481 3307 518 3366 ad
548 3306 752 3388 designandum
781 3311 876 3388 potins
906 3311 1029 3414 primum
1061 3325 1126 3390 post
1159 3310 1269 3370 cladem

321 3410 435 3472 tempus
458 3393 574 3454 abusum
598 3416 664 3452 eum
686 3395 805 3454 dixerim
827 3416 898 3454 voce
920 3389 1031 3469 ἐπάνω,
1056 3398 1167 3479 quippe
1192 3419 1269 3478 quae

322 3480 442 3542 mediam
471 3480 585 3556 habeat,
619 3480 747 3562 ideoque
774 3481 932 3564 ambiguam
962 3483 1206 3562 significationem,
1234 3499 1267 3544 ut
1357 3489 1358 3496 ’

321 3567 413 3650 possit
447 3581 475 3624 et
511 3566 548 3624 ad
581 3581 711 3648 tempus‘
723 3569 852 3647 proxime
850 3529 1051 3628 0antecedens
1082 3584 1109 3627 er
1136 3570 1268 3651 proxime

320 3653 502 3753 subsequens
528 3652 638 3712 referri.
690 3651 749 3712 Sed
776 3655 947 3736 negligentia
973 3657 1095 3714 auctoris
1123 3657 1268 3760 maqilesta

323 3755 367 3802 est
389 3741 471 3799 etiam
492 3741 520 3798 in
544 3739 746 3820 sequentibus:
769 3741 912 3819 κριθεισα
934 3735 1001 3800 δ”
981 3761 1144 3821 οστερον
1166 3737 1267 3802 ἔτεσι

322 3823 409 3887 δέκα
432 3823 475 3885 ἔνι’
492 3819 747 3930 Ἀριστοφῶντος,
771 3827 822 3885 uhi
843 3850 898 3907 pro
920 3821 998 3888 ἔτεσι
1020 3824 1092 3888 δέκα
1115 3828 1267 3888 dicendum
1357 3875 1358 3880 ι

323 3929 382 3972 erat
404 3905 500 3972 ἔτεσιν
520 3905 614 3971 ὀκτώ·
638 3931 662 3972 sr
654 3913 793 4019 quidem
807 3914 931 3974 auctoris
952 3916 1021 3973 haec
1044 3931 1117 3990 sunt,
1139 3937 1195 3974 nec
1202 3938 1270 4015 po·

322 4001 379 4058 tius
406 3999 497 4058 simul
511 4021 576 4057 cum
602 3999 668 4058 illis
677 3994 788 4082 μικρὸν
809 3994 961 4074 intinere.
983 3999 1083 4083 Χαιρ
1101 4003 1271 4064 recentioris

322 4083 468 4146 cuiusdam
489 4085 611 4145 hominis
631 4085 703 4163 mule
734 4086 811 4180 docti
831 4067 957 4156 laciniae.
