2706 4782
634 275 695 336 xv,

122 435 256 531 Neque
296 443 396 506 certe
438 426 644 530 quidquam
686 430 855 506 omisisse
896 424 987 502 mihi
1030 424 1168 520 videor,

123 550 228 627 unde
255 552 335 626 Tua
360 548 410 624 de
436 553 539 626 Nicia
565 550 627 628 illo
654 552 784 652 opinio
814 547 1024 650 probabilia
1050 549 1166 625 fieret.

228 676 283 748 Ita
321 669 400 762 hie,
445 671 535 746 dum
569 695 700 746 omnes
739 669 969 748 difficultates
1011 668 1166 759 eluctor,

125 791 301 870 omnibus
335 789 631 868 dubitationibus
657 815 856 868 occurrere
891 807 928 866 et
963 794 1063 866 Tuas
1096 817 1165 864 ra-

125 920 244 992 tiones
270 911 321 990 ab
355 918 456 990 omni
489 931 593 1016 parte
627 911 831 990 defendere
865 936 993 989 eonor.
1020 911 1164 1007 Quibus

120 1039 156 1114 si
182 1035 275 1138 quid
300 1034 453 1112 adrem
477 1038 628 1137 penitus
653 1033 916 1136 explorandam
944 1030 1175 1136 praestitum

120 1162 181 1252 ait,
206 1158 350 1232 utinam
381 1155 512 1266 saltem
539 1173 576 1245 et
608 1159 707 1258 Tuae
741 1155 849 1231 simul
880 1153 1099 1231 humanitati
1126 1167 1164 1228 et

121 1304 229 1356 meae
263 1280 303 1354 in
336 1280 390 1353 Te
426 1277 606 1354 voluntati
646 1281 732 1354 satis
766 1275 1037 1378 responderim.
1097 1277 1161 1350 Sin

119 1416 246 1476 autem
271 1400 312 1472 in
336 1397 396 1474 hia
421 1400 524 1500 ipsis,
552 1398 655 1500 quod
680 1398 728 1474 de
753 1399 833 1483 aliis
860 1401 971 1474 etiam
996 1395 1161 1498 miban-

120 1521 211 1598 dam
237 1520 407 1596 confiteri
441 1536 590 1614 teneor,
624 1545 700 1596 non
732 1523 770 1596 in
796 1546 870 1594 una
897 1519 978 1595 sola
1003 1533 1160 1592 senten·-

1 1635 2 1638 '
118 1645 171 1718 tia
196 1644 385 1745 acquievi,
420 1640 489 1715 sed
520 1643 748 1744 argumentis
781 1647 820 1715 in
846 1659 1038 1740 utramque
1065 1665 1158 1740 par-

0 1757 3 1789 ²
121 1780 194 1840 tem
228 1764 394 1838 excussis
423 1786 505 1836 rem
535 1762 607 1836 sub
642 1761 762 1838 iudice
796 1761 1006 1863 relinquere
1032 1760 1157 1853 malui,

1 1911 7 1916 ·
120 1889 177 1960 Tu
204 1899 305 1960 certe
332 1884 371 1957 in
397 1907 482 1990 mea
513 1879 585 1956 hac
618 1886 760 1958 ratione
786 1910 862 1958 non
889 1882 1067 1975 offendes,
1093 1885 1157 1984 qni

0 2015 1 2022 ’
115 2005 218 2082 bene
242 2008 343 2080 nosti
368 2007 526 2106 ipseque
553 2007 642 2078 satis
669 2022 844 2107 expertus
859 2028 910 2099 es,
937 2029 1050 2106 quam
1072 2008 1160 2106 spi-·

1 2213 2 2224 χ
115 2149 211 2200 uoaa
244 2143 280 2199 et
312 2124 457 2202 lubrica
491 2123 541 2201 de
582 2125 643 2200 bis
674 2126 791 2201 rebus
827 2127 1025 2227 exploratio
1064 2127 1155 2201 sue-

115 2250 175 2320 rit.
226 2248 330 2322 Fecit
353 2245 430 2322 hoc
463 2271 589 2320 meum
619 2245 851 2348 indagandae
887 2251 1048 2322 veritatis
1081 2273 1154 2322 an-

6 2350 10 2360 *
116 2369 220 2440 xium
246 2365 437 2476 quoddam
463 2367 638 2462 studium,
666 2367 769 2469 quod
794 2372 918 2470 ipsum
946 2383 982 2442 et
1002 2371 1034 2441 si
1051 2368 1154 2469 'quid

24 2499 28 2506 '
122 2509 168 2558 ex
195 2509 241 2558 eo
266 2487 386 2588 probe
411 2518 434 2567 a
459 2515 520 2564 me
547 2488 793 2588 absoluteque
829 2488 1058 2588 exploratum
1093 2493 1184 2582 εἰμ’,

1 2613 2 2618 ’
118 2604 205 2680 Tibi
222 2604 356 2704 debeo,
383 2615 476 2704 Tuo,
502 2609 678 2705 Bocckhi,
705 2609 886 2710 exemplo,
912 2612 1002 2683 Tuis
1023 2613 1151 2683 moni-

115 2729 173 2821 tis,
201 2732 303 2804 Tuae
328 2731 400 2827 illi,
434 2734 538 2808 cuius
572 2734 788 2808 suavissima
822 2731 1032 2806 recordatio
1065 2735 1151 2806 ani·-

1 2905 2 2924 ,
112 2849 216 2922 mum
241 2851 383 2954 ubique
408 2853 619 2954 perfundit,
644 2853 880 2946 humanitati,
916 2879 1039 2955 quae,
1059 2852 1150 2927 dum
1197 2877 1198 2880 ’

1 3005 2 3062 ,
112 2972 210 3044 inter
235 2996 333 3074 opus
359 2973 624 3054 elaborandum
658 2978 820 3052 externis
855 2978 954 3049 curis
988 2979 1150 3076 graviter

1 3073 2 3092 ¹
112 3090 246 3167 affecto
282 3097 379 3170 vires
413 3096 649 3192 deficiebant,
690 3114 858 3174 tenacem
886 3121 969 3172 esse
994 3121 1055 3170 me
1081 3122 1172 3170 us-·

0 3206 1 3275 ἶ
110 3239 186 3315 que
211 3217 397 3317 propositi
421 3220 527 3294 iussit
539 3236 577 3296 et
590 3203 795 3296 recreatum
821 3217 870 3292 ad
896 3243 1148 3330 perseveran-

1 3401 2 3420 ς
108 3335 205 3434 ιίαιιιν
225 3341 427 3417 revocarit.
480 3344 653 3419 Ceterum
686 3365 763 3418 non
797 3341 892 3442 fugit
925 3367 1006 3434 me,
1032 3339 1177 3444 multax
1270 3329 1271 3340 ¹

107 3458 150 3537 in
174 3455 274 3536 libro
300 3460 374 3536 boc
389 3460 683 3544 desideraturum
701 3487 784 3540 esse
811 3479 848 3538 et
864 3466 930 3556 Te,
956 3463 1146 3564 aequissi-

0 3586 1 3653 f
108 3578 244 3652 simum
258 3579 346 3657 licet
365 3582 537 3677 iudicem,
563 3599 600 3662 et
626 3589 658 3660 si
684 3608 797 3688 quem
823 3585 933 3660 ulium
948 3585 1018 3658 Tui
1035 3585 1145 3662 simi-

106 3695 181 3772 lem
198 3701 388 3780 invenero.
442 3710 610 3801 Quorum
632 3705 703 3782 alia
718 3703 879 3809 quidem¹
896 3704 981 3803 loci,
1008 3707 1046 3778 in
1067 3729 1144 3806 quo
1241 3803 1244 3808 Ι

104 3841 246 3915 moror,
267 3843 418 3902 excuset
435 3826 613 3922 conditio,
630 3831 799 3921 maxime,
815 3826 920 3932 quod
931 3833 1145 3930 Harpocra-

0 4000 1 4065 3
103 3939 247 4018 tionem
289 3949 428 4040 minus,
469 3950 582 4052 quam
625 3964 832 4053 oporteret,
875 3951 1143 4051 exscripserirn,

102 4074 184 4138 tum
219 4065 326 4167 quod
359 4061 540 4152 Voenaelii
576 4073 914 4152 Commentationcs
954 4075 1141 4154 recentius
