2750 4772
572 291 728 398 -272-
811 333 814 342 (
876 309 885 329 s

130 455 205 552 ipsa
224 457 400 526 Aeschinis
423 449 585 526 accusatio
608 457 770 550 praefert,
793 457 913 526 autad
936 456 1168 526 Plutarcheum

131 561 388 643 Chaerondam',
413 563 479 631 hoc
501 563 657 650 manime,
691 560 782 652 quod
805 559 1033 656 Ctesiphontis
1056 563 1170 652 decre-
1232 596 1233 599 ¹

130 684 203 734 tum
226 683 301 734 ante
323 667 408 733 iusta
434 666 589 733 funebria
617 666 733 734 occisis
767 664 809 732 ad
832 665 1059 734 Chaeroneam
1089 693 1178 754 eona

128 770 215 838 fecta
236 767 340 838 latum
362 793 464 862 supra
484 785 575 840 recte
595 771 689 838 nobis
711 770 860 844 statuisse
883 767 1051 852 videmur,
1073 797 1177 864 prae·

131 872 338 967 teres'quod
359 873 614 954 Demosthenes,
628 879 817 958 ,τειχοποιοῦ
837 895 976 942 munere
1005 893 1176 966 susceptos
1246 963 1248 967 Ι

131 980 196 1047 tria
216 977 276 1044 illa
297 975 420 1045 talenta
441 977 535 1046 fossis
556 979 592 1044 in
614 978 734 1068 primis
753 976 931 1070 impendit,
954 1002 1118 1070 quarum„
1133 998 1170 1046 ut

130 1107 230 1176 snpra
251 1081 385 1164 monui,
414 1078 457 1147 ad
476 1079 700 1148 cohibendum
721 1081 849 1149 hostem
872 1081 1067 1175 principalis
1090 1107 1168 1150 sane

129 1209 208 1254 usus
245 1204 278 1252 et
313 1179 523 1279 graiissimus
561 1203 645 1266 erat,
691 1202 729 1253 ut
767 1187 813 1252 eis
853 1183 1016 1252 ducendis
1053 1210 1178 1254 manus·

118 1291 281 1384 ¹oppositu
301 1283 466 1372 videntur,
498 1314 602 1382 quum
632 1289 778 1381 primum
808 1291 983 1382 repentino
1014 1289 1167 1383 Philippi

128 1395 584 1487 impressio‘exspectaretur3
607 1392 700 1486 quod
723 1392 816 1482 fossis
839 1391 1000 1460 ducendis
1023 1393 1181 1476 tumulossb
1220 1447 1222 1451 .

127 1496 281 1592 publicos
315 1496 488 1566 amolitum
517 1521 585 1565 esse
615 1497 874 1586 Demosthenem
903 1497 1084 1564 Aeschines
1122 1500 1167 1564 ait

128 1605 178 1688 (in
210 1603 299 1670 Ctet.
329 1627 365 1694 p.
400 1605 442 1691 87
465 1603 576 1692 extu),
610 1598 647 1668 id
680 1598 773 1692 quod
805 1619 855 1668 ut*
875 1601 986 1684 fieret,
1029 1601 1166 1670 civitatis

130 1705 312 1774 calamitate
346 1704 525 1774 adductum
552 1707 612 1787 sit,
644 1707 836 1795 qnamcsuis
858 1707 907 1773 rei
930 1703 1089 1798 publicae
1111 1731 1176 1796 ge:
1275 1782 1277 1784 Ι

128 1810 253 1878 rendae
275 1809 422 1877 consiliis
443 1811 481 1876 in
498 1833 575 1877 ‘eam
587 1810 798 1878 contraxisset
811 1810 1059 1895 Demosthenes.
1104 1811 1167 1877 Re·

130 1937 280 2008 pugnare
308 1923 479 2006 praeterea
508 1915 563 1980 isti
596 1915 777 1982 sententiae
806 1912 923 1981 decem
953 1913 1010 1983 illa
1045 1913 1176 1983 talenta

122 2017 293 2104 ridentur,
317 2042 401 2111 quae
424 2044 459 2085 ex
482 2020 608 2085 aerario
632 2016 674 2084 ad
696 2043 778 2112 opus
802 2017 987 2086 curandum
1002 2021 1175 2113 accepisse·

127 2122 387 2206 Demosthenem
410 2120 582 2190 contendit
610 2123 811 2206 Aeschines,
835 2141 867 2190 et
889 2149 973 2216 quae
995 2125 1044 2192 vix
1066 2147 1164 2214 neges

42 2229 45 2234 ’
129 2251 183 2295 eas
206 2251 275 2294 esse
297 2229 474 2319 pecunias,
502 2228 624 2318 quibus
659 2229 820 2296 continuo
846 2244 923 2321 post
951 2227 1097 2319 pugnam
1122 2225 1172 2292 ad·

128 2354 242 2399 muros
275 2330 476 2397 reficiendos
505 2329 711 2398 destinandis
750 2349 918 2398 auctorem
945 2353 1015 2398 sese
1035 2330 1165 2422 populo
1277 2359 1279 2364 ·

129 2437 290 2502 exstitisse
321 2433 561 2501 Demosthenes
589 2433 691 2500 refert
723 2431 814 2522 (1.1.
845 2437 929 2525 309).
959 2434 1045 2522 ,Vix
1074 2434 1165 2500 enim

129 2538 311 2606 credideris
335 2537 471 2630 Olymp.
497 2537 576 2617 CX,
607 2539 626 2606 3
651 2555 747 2618 extr„
772 2561 838 2630 quo
862 2555 1012 2632 tempore
1033 2538 1173 2630 pericu-.-

128 2640 285 2710 lumdiu
306 2644 374 2709 iam
394 2643 624 2732 praeterierat,
647 2643 831 2730 civitatem,
852 2641 943 2709 bello
966 2640 1165 2722 exhaustam,

107 2769 227 2836 ‘noras
250 2747 344 2839 operi
365 2747 524 2836 pecunias
543 2744 730 2814 destinasse.
776 2747 917 2840 Ipsaque
934 2745 1165 2814 Demosthenis

127 2850 243 2917 verba:
267 2849 362 2927 εὐθὺς
383 2848 462 2932 μετὰ
482 2849 541 2936 τὴν
561 2850 666 2937 μάχην
693 2851 745 2918 διὰ
766 2857 829 2919 τῶν
849 2853 933 2936 ἐμῶν
952 2849 1171 2940 ψηφισμάτων,

128 2955 162 3023 ui
182 2953 300 3043 τάφροι
320 2953 492 3038 ἐγίγνοντο,
523 2954 564 3021 τὰ
591 2957 634 3032 εἶς
655 2955 695 3022 τὰ
722 2958 806 3040 τείχη
831 2955 982 3042 χρήματα
1009 2961 1055 3044 (p.
1086 2953 1169 3041 309)

129 3055 279 3128 indicare
301 3073 414 3148 aperte
433 3055 597 3137 videntur,
619 3055 882 3124 reficiendorum
893 3058 1064 3124 moenium
1086 3078 1166 3123 con-

128 3160 243 3246 silium
265 3157 401 3252 captum
423 3162 490 3250 iam
512 3159 606 3226 autea
630 3183 709 3242 esse,
732 3178 770 3226 ut
783 3163 927 3228 instante
939 3177 1015 3251 post
1028 3157 1166 3254 ‘cladem
1216 3148 1219 3160 ’

127 3266 346 3362 impressione
367 3266 502 3332 nonnisi
525 3266 690 3357 pecuniae
713 3263 892 3330 destinatae
914 3266 989 3333 sint.
1036 3263 1167 3348 Quodsi
1272 3309 1274 3318 .

128 3371 219 3439 euim
233 3393 286 3436 res
298 3367 524 3461 aliteriuisset,
547 3366 673 3434 dictum
682 3386 902 3460 exspectares:
926 3368 979 3434 dui
1000 3373 1063 3434 τῶν
1083 3369 1171 3452 ἐμῶν.
1272 3433 1275 3439 ,

126 3472 341 3562 ψηφισμάτων
360 3475 493 3559 ἐγίγνετο
514 3470 534 3556 ἡ
556 3479 621 3540 τῶν
648 3480 758 3556 τειχῶν
777 3475 958 3558 κατασκευή.
1015 3472 1085 3537 Nec
1118 3472 1166 3535 via

130 3577 227 3656 deas,
258 3601 319 3644 cur
346 3599 429 3668 opus
457 3577 559 3642 suerit
590 3600 676 3644 novo
709 3574 909 3670 populiscito
943 3576 985 3642 de
1013 3572 1166 3640 creandis
1276 3599 1277 3603 ¹

130 3684 281 3750 tributim
302 3689 484 3764 τειχοποιοῖς
512 3676 650 3770 Olymp.
682 3680 760 3759 CX,
784 3683 808 3747 3.
828 3698 987 3759 exeunte,
1022 3703 1083 3744 neo
1106 3701 1166 3743 cur

131 3788 193 3855 hoc
224 3783 489 3852 aDemosthene
519 3782 643 3850 iactum
673 3785 732 3861 sit,
766 3784 825 3874 qui
856 3809 924 3851 non
951 3783 1051 3850 fuerit
1077 3784 1168 3848 inter-

130 3889 302 3958 moenium
323 3905 489 3956 curatores
510 3904 588 3983 post
613 3887 1051 3977 pugnam.Chaeronensem
1074 3883 1167 3954 crea-

132 4013 197 4077 tos3
220 4017 282 4060 nec
304 3990 448 4083 denique
469 3991 643 4058 Aeschinis
658 3989 758 4056 verba
780 3989 821 4056 ad
836 3991 1007 4058 decretum
1021 3991 1064 4058 de
1084 3992 1168 4058 con·-

154 4095 288 4166 nuando
312 4119 423 4188 opere,
446 4095 505 4162 sed
525 4095 567 4162 de
592 4095 787 4186 incipiendo
812 4097 921 4188 potius
943 4103 1108 4190 spectanti
