2740 4774
492 305 494 312 .
506 295 662 398 *³39*
712 269 721 289 ³

68 437 212 538 sthdncs
228 465 331 532 refert
357 492 389 532 π.
421 490 560 552 παραπρ.
591 489 627 556 p.
655 465 728 532 380.
787 461 875 548 Quid
903 464 1007 556 igitur
1033 465 1104 532 veri

68 590 117 640 est
138 569 281 638 similius
287 619 298 652 ,
329 592 447 660 quam
484 593 590 659 quum
621 590 658 634 ex
685 567 817 636 decreto
848 568 908 665 illo
931 567 1104 662 Philippus

36 665 37 668 Ἴ
68 677 111 742 ad
134 671 343 766 exsequenda
370 672 660 764 Amphictyonum
685 671 772 738 iussa
790 674 962 746 ,exercitus
990 693 1104 738 rursus

67 795 231 858 moveret,
262 778 480 846 Athenienses
508 775 619 844 denuo
643 773 855 842 Callisthenis
882 774 967 843 illud
990 775 1105 842 decre-

69 903 139 951 tum
161 905 328 950 revocasse
350 900 406 949 aut
429 879 653 974 quodminus
681 867 733 947 illi
767 880 1038 974 obtemperatum
1052 883 1104 963 sit,

31 1021 33 1028 ·
69 989 213 1054 severius
236 983 419 1070 edixisse*),
443 986 572 1052 omissis
601 1001 713 1050 tamen
736 985 799 1064 iis,
830 1009 951 1080 quae
937 983 979 1050 de
1000 985 1105 1053 Hera

70 1091 201 1170 oleis,
191 1107 271 1156 rtem
301 1111 385 1182 qnae
408 1075 461 1154 de
496 1089 632 1156 Piraeeo
669 1087 879 1182 castellisque
906 1071 1104 1156 muniendis

71 1212 164 1262 antea
193 1193 279 1260 dicta
301 1210 410 1275 erunt,
439 1211 635 1285 propterea,
663 1192 757 1285 quod
782 1194 863 1260 hacc
892 1196 1022 1260 munita
1052 1196 1105 1260 in-

69 1303 167 1367 terim
190 1297 317 1365 essenti
362 1297 459 1365 Gc1te
483 1297 526 1363 ad
546 1289 654 1364 hanc
655 1301 854 1365 sententium
874 1301 999 1391 optime
1016 1321 1105 1392 qua-

68 1405 144 1471 dret
164 1403 287 1469 mensis
311 1399 435 1468 decreti
457 1402 707 1484 Maemacterio,
735 1405 763 1468 si
788 1401 924 1495 quidem
947 1406 1104 1471 continuo

67 1527 144 1602 post
166 1523 358 1602 occupatum
380 1531 398 1572 a
427 1505 586 1598 Philippo
617 1505 815 1586 Phocidem,
834 1507 966 1599 ‘primis
992 1510 1105 1600 itaque

69 1612 239 1679 mensibus
261 1607 317 1678 Ol.
341 1609 465 1690 CVIII,
486 1611 507 1682 ’3
530 1611 712 1678 concilium
724 1611 1010 1704 Amphictyonum
1026 1635 1106 1698 con·

69 1734 213 1786 venerat.
239 1715 344 1782 ⁴Nam
371 1711 494 1782 deinde
524 1716 624 1782 etium
657 1714 698 1780 ad
724 1714 855 1782 bellum
883 1715 1103 1784 Athenienses

68 1823 169 1888 fuisse
191 1822 401 1912 compositos,
421 1821 527 1912 *oratio
548 1819 590 1885 de
612 1843 695 1911 pace
717 1837 862 1900 testatur,
886 1839 1025 1887 exeunte
1049 1819 1104 1886 01.

70 1925 248 2006 cvnis,
270 1924 360 1991 haud
383 1923 484 1990 dubie
507 1939 581 1991 ente
604 1923 732 2017 Pythia,
755 1925 876 2007 habita,
899 1949 1004 2018 quum
1025 1925 1106 1992 Phi-¹

68 2030 157 2123 lippi
180 2029 483 2120 Thessalorumque
505 2029 604 2122 legati
632 2028 779 2095 Athenas
801 2029 1020 2124 advenerant,
1043 2053 1106 2122 po-

69 2135 237 2218 stulaturi,
278 2151 316 2203 ut
346 2133 565 2200 Athenienses
598 2130 779 2200 decretum
806 2133 862 2200 dc
879 2134 1039 2229 Philippo
1068 2137 1106 2200 in

71 2238 333 2331 Amphictyones
355 2236 551 2330 recipiendo
573 2261 633 2304 sua
659 2261 794 2332 quoque
824 2241 986 2306 sententia
1015 2262 1106 2306 com-

69 2349 259 2434 probarent.
305 2344 346 2409 In
375 2341 432 2408 illa
466 2343 570 2408 enim
597 2341 836 2410 Demosthenes
872 2343 1106 2425 Athenienses,

69 2465 107 2518 ut
139 2470 184 2512 ne
210 2448 279 2533 περὶ
308 2453 365 2532 τῆς
392 2446 424 2512 ἓν
444 2449 583 2535 Δελφοΐς
603 2445 858 2528 orticbellum,
888 2446 981 2540 quod
1009 2473 1106 2539 grave

29 2605 30 2608 ,
70 2553 117 2636 eis
145 2569 179 2618 et
205 2549 431 2642 periculosum
462 2553 505 2617 sit
530 2550 694 2631 futurum,
725 2573 857 2617 movere
887 2549 1010 2633 velint,
1047 2553 1107 2618 de-

69 2657 231 2724 hortatur.
277 2655 434 2746 Denique
455 2671 532 2746 post
562 2677 614 2720 res
635 2655 673 2718 in
694 2653 840 2721 Phocide
863 2655 1028 2723 confectas
1055 2680 1107 2723 se·

71 2763 245 2828 ceritatem
267 2749 524 2827 Atheniensium
547 2759 676 2850 saepius
697 2757 796 2824 simili
818 2759 919 2828 modo
941 2761 1106 2835 turbatam
1143 2805 1146 2810 -

72 2889 158 2947 esse,
188 2882 287 2956 atque
317 2864 373 2930 Ol.
404 2860 530 2943 CVIII,
559 2887 579 2928 ι
598 2862 800 2955 ·Scirophor.
835 2865 979 2950 XXVII,
1015 2865 1107 2933 baud
1212 2899 1214 2906 ·

71 2971 211 3037 obscure
241 2967 480 3036 Demosthenes
514 2965 656 3047 indicat,
675 2978 677 2987 ⁴
698 2992 802 3058 quum
839 2970 995 3037 continuo
1030 2989 1106 3063 post

71 3074 246 3140 recitatum
269 3067 482 3138 Callisthenis
512 3069 600 3135 illud
630 3070 800 3137 decretum
830 3094 875 3138 or.
899 3101 937 3140 π.
966 3098 1105 3162 nupero.

70 3201 107 3269 p.
131 3177 195 3254 368
224 3180 274 3244 καὶ
302 3177 366 3262 μὴν
392 3174 471 3261 μετὰ
501 3181 616 3254 ταῦτα,
644 3175 705 3255 ait,
732 3173 838 3251 ὁσάκις
859 3174 938 3262 πρὸς
958 3181 1108 3269 Πορθμῷ

70 3281 196 3369 lineis
217 3281 379 3368 Μεγάροις
410 3277 574 3354 ἀκούοντες
600 3275 729 3362 δύναμιν
753 3281 910 3346 Φιλίππου
931 3283 981 3346 καὶ
1003 3283 1107 3360 ξένους
1207 3284 1213 3302 ”
1251 3269 1255 3275 ’

73 3389 290 3473 ἐθορυβεῖσθε,
314 3382 426 3460 πάντες
447 3385 616 3450 ἐπίστασθε
642 3407 669 3448 κ.
692 3373 720 3448 ι.
743 3389 782 3463 t,
808 3385 854 3448 ita
875 3401 914 3450 ut
932 3385 1019 3450 nihil
1040 3388 1108 3452 iam

73 3491 212 3557 omnino
247 3487 367 3567 obstet,
396 3487 591 3578 quominus·
611 3484 797 3552 decretum·
813 3485 1023 3580 Callisthenis
1055 3492 1109 3558 in·
1148 3527 1151 3540 .

71 3595 220 3660 siticium
255 3590 296 3662 ad.
335 3590 554 3662 recentiorem
595 3588 739 3689 aliquam
776 3590 991 3662 formidinem
1008 3593 1109 3662 relo-
1203 3581 1204 3588 ἵ

72 3715 187 3780 ιιιῑιιιι.ι
249 3727 251 3736 ⁴
314 3713 316 3718 ’

72 3879 383 3896 W

119 4013 197 4094 ¹)Id
219 4015 321 4078 cochei
341 4017 433 4097 possit
454 4037 489 4074 ex
512 3961 606 4075 verbis
628 4009 796 4076 decreti:
781 4037 816 4088 ος
841 4009 913 4075 δ”
894 4036 933 4078 αν
953 4009 1110 4106 ἀπειθησῃ
1139 4085 1147 4098 „

163 4103 207 4187 τῷ
229 4097 410 4232 ψηφίσμιιτι
432 4096 541 4187 τούτῳ,
567 4097 672 4180 scopos
693 4097 771 4172 ihrer
794 4119 884 4166 eac.
