2706 4782
681 283 840 390 a,

235 459 436 530 devicesimo
458 458 527 524 iam
548 455 634 522 belli
656 441 878 548 Peloponnes.
901 475 1006 536 anno,
1030 449 1169 544 Olymp.
1194 451 1292 534 XCI,

235 570 267 650 3,
291 564 335 642 ad
357 563 580 630 defectionem
602 561 643 626 ab
664 559 930 626 Atheniensibus
950 556 1292 652 propensaAg'idem,

139 677 142 687 ¹
238 691 310 740 tum
331 667 493 737 Deceleae
513 683 702 744 versantem
724 665 822 745 adiit,
854 689 873 728 a
899 685 967 754 quo
995 663 1064 727 iam
1092 677 1166 726 tum
1188 659 1297 728 desti-

235 795 331 844 natus
354 776 524 840 harmosta
546 769 590 836 ad
612 767 813 838 ordinandas
836 766 965 834 insulae
987 775 1040 831 r'es
1056 765 1208 856 publicas
1222 764 1297 833 fer-

236 900 301 949 tur.
334 861 503 968 ¹Thucyd.
525 876 628 958 VIII,
660 876 690 944 5.
736 870 805 940 Sed
830 858 995 963 'occupata
1023 869 1161 958 demum
1183 895 1203 936 a
1224 870 1297 936 La-

151 1065 153 1071 y
238 981 464 1053 cedaemoniis
487 999 536 1048 est
559 979 698 1072 Olymp.
722 979 821 1046 XCII
859 1000 887 1042 a.
926 998 962 1055 1,
997 996 1106 1066 eoque
1136 993 1296 1066 tempore

238 1107 341 1156 status
364 1086 507 1154 civitatis
530 1109 570 1156 ex
591 1086 758 1153 victorum
778 1081 914 1189 arbitrio
929 1079 1137 1147 constitutus.
1178 1078 1296 1148 Thuc.

236 1194 331 1276 VIII,
355 1193 409 1282 95
525 1199 527 1202 ’

201 1372 203 1382 s
324 1299 538 1390 Tanagra,
562 1316 662 1385 quam
673 1289 820 1360 secundo
833 1287 907 1357 loco
922 1241 1168 1355 Demosthenes
1185 1286 1295 1371 affert,

238 1400 406 1500 oppidum
427 1401 582 1467 Boeotiae
606 1416 655 1465 est
686 1397 844 1492 pluribus
869 1393 1009 1486 proeliis
1032 1392 1176 1472 celebre,
1197 1392 1294 1459 haud
1344 1433 1345 1488 p

237 1506 338 1598 longe
348 1506 527 1572 abtlttrcae
539 1503 664 1570 finibus
676 1499 811 1568 distans
834 1498 942 1566 Strab.
953 1499 1005 1564 IX
1005 1520 1111 1590 ‚po
1051 1496 1111 1582 4ο
1114 1497 1292 1566 3Casaub

237 1612 323 1677 Eam
344 1608 436 1676 bello
453 1607 734 1699 Peloponnesiaco
762 1628 839 1670 cum
863 1603 1005 1696 reliquis
1021 1603 1176 1670 Boeotiae
1195 1603 1291 1668 urbi·
1344 1683 1345 1688 ἵ

236 1715 300 1782 bns
319 1741 338 1780 a
352 1712 694 1788 Lacedaemoniorum
705 1727 799 1803 parte
816 1706 972 1775 adversus
988 1706 1206 1776 Athenienses
1220 1729 1286 1796 pu·

139 1883 141 1886 .
240 1844 358 1913 gnasse
382 1835 511 1888 constat
534 1842 573 1884 ex
593 1813 748 1908 Thucyd.
772 1815 832 1893 111,
855 1836 909 1903 9¹·
934 1813 995 1894 IV,
1017 1812 1083 1902 93.·
1118 1809 1189 1878 Sed
1203 1817 1289 1904 quae
1344 1885 1345 1890 η

83 1938 87 1954 ’“
177 1933 179 1939 ⁴
237 1941 316 2016 post
337 1948 455 2016 pacem
482 1922 604 1988 factam
633 1923 705 1987 eius
733 1915 882 1985 conditio
904 1917 1032 1999 fuerit,
1057 1914 1149 1982 hand
1170 1934 1293 1984 notum

184 2029 186 2036 ’
240 2045 298 2093 est.
344 2027 463 2118 Neque
488 2017 657 2120 quomodo
681 2048 764 2121 eam,
787 2023 886 2088 sicuti
908 2039 1012 2089 totam
1026 2020 1345 2108 Boeotiambar-

238 2131 354 2197 mostis
379 2146 411 2195 et
432 2130 611 2220 praesidiis
634 2155 653 2196 a
673 2096 946 2195 Lacedaemoniis
968 2125 1071 2210 fuisse
1092 2143 1293 2218 occupatam

239 2232 484 2300 Demosthenes
500 2258 562 2326 pro
578 2233 714 2300 ueritate
733 2232 863 2312 dixerit,
886 2235 964 2299 satis
987 2232 1106 2324 liquet.
1151 2231 1293 2297 Etenim

195 2345 212 2370 ·'
239 2339 415 2406 Boeoticae
438 2336 537 2404 urbes
559 2337 644 2405 belli
666 2337 887 2430 Peloponnes.
911 2355 1063 2428 tempore
1086 2335 1129 2420 ad
1151 2335 1293 2402 concilii
1337 2339 1345 2358 '¹

219 2443 381 2533 ‘formam
417 2442 605 2511 foederatae
633 2460 743 2525 erant,
774 2444 907 2534 inquo
944 2442 1139 2535 principem
1171 2438 1294 2508 locum

147 2634 150 2637 ι
180 2559 183 2564 ’
239 2549 378 2616 Thebae
406 2549 562 2616 babuisse
589 2546 755 2616 videntur.
788 2548 854 2624 V
885 2545 1032 2613 Kortiim
1066 2569 1128 2610 zur
1165 2544 1291 2612 Ges'ch.

237 2653 365 2718 hellen.
379 2650 566 2718 Staatsverf.
589 2676 633 2742 Ρ
631 2653 700 2718 86.
744 2653 920 2718 Tittmann
943 2648 1081 2716 Griech
1098 2648 1286 2716 Staatsverf.
1344 2717 1345 2722 γ

238 2781 273 2858 Ρ.
296 2755 374 2846 694.
420 2755 489 2822 Sed
511 2755 684 2821 Thebanis
715 2757 815 2822 totius
846 2756 1041 2824 Boeotiae
1030 2755 1215 2844 imperium
1239 2751 1289 2816 af·
1315 2835 1317 2838 Ι
1344 2743 1345 2798 3

239 2851 456 2944 sectantibus,
491 2861 652 2926 continua
681 2859 742 2926 bos
779 2861 867 2927 inter
901 2876 935 2928 et
963 2860 1122 2941 tenuioris
1157 2855 1290 2926 ordinis

240 2964 340 3030 urbes
363 2961 509 3030 simultas
538 2961 781 3046 intercedebat,
812 2963 861 3032 ad
877 2989 931 3033 eos
951 2988 1092 3056 semper
1119 2940 1293 3030 inclinan-

240 3085 307 3149 tes,
338 3093 442 3161 pcnes
474 3093 558 3160 quos
587 3071 796 3161 principatus
833 3070 994 3136 Graeciae
1030 3083 1109 3135 erat.
1168 3068 1292 3160 anue

238 3175 439 3267 praesertim
460 3172 574 3266 paullo
591 3193 666 3241 ante
680 3172 891 3241 Leuctricam
906 3197 1054 3268 pugnam
1073 3173 1291 3266 grauiaThe-
1344 3179 1345 3182 ’

238 3279 405 3372 banorum
427 3303 505 3344 cum
533 3281 651 3346 ceteris
675 3275 835 3347 'Boeotiae
853 3279 1053 3372 ¹ciuitatibus
1083 3277 1174 3346 bella
1197 3278 1290 3344 exci-
1344 3301 1345 3306 ¹

238 3385 320 3455 tavit
342 3383 385 3470 (v.
410 3383 496 3448 infra
518 3409 569 3449 nr.
595 3385 647 3472 5),
676 3408 742 3475 quo
773 3383 923 3476 tempore
957 3374 1216 3458 Lacedaemonii
1249 3376 1289 3448 re

238 3494 314 3554 vera
337 3487 511 3555 harmastis
535 3506 569 3553 et
599 3485 774 3578 praesidiis
796 3487 978 3581 plerasque
1001 3489 1156 3556 Boeotiae
1185 3485 1289 3553 urbes

204 3671 205 3676 ἵ
240 3591 446 3674 obtinebant.
477 3592 656 3684 ·Xen0ph.
688 3590 779 3662 Hell.
806 3593 855 3674 V,
885 3617 914 3660 c.
945 3591 977 3678 4.
1031 3592 1143 3658 Simili
1173 3608 1288 3658 autem

238 3696 395 3764 modoet
423 3698 535 3762 statim
565 3714 642 3788 post
673 3695 801 3763 bellum
828 3697 1153 3790 Peloponnesiacum
1181 3697 1289 3762 Lace-

238 3798 431 3868 daemonios
464 3802 657 3894 principatu
686 3827 746 3871 suo
781 3803 826 3868 in'
852 3801 988 3870 Boeotia
1027 3824 1103 3868 usos
1138 3825 1208 3866 esse
1245 3821 1285 3866 eo
1344 3823 1345 3830 ¹

236 3905 341 3996 magis
365 3923 627 3972 consentaneum
652 3907 974 4028 est,·quod1nip'so
997 3909 1065 3973 iem
1086 3905 1171 3971 belli
1191 3903 1289 3970 illius

236 4009 306 4076 fine
327 4009 480 4076 Thebani
503 4035 620 4078 eorum
646 4013 872 4105 suspicionem
894 4028 1151 4082 commouermant
1195 4010 1289 4077 Xen.

236 4112 260 4180 l.
283 4138 313 4184 c.
337 4114 407 4198 ΙΙΙ,
433 4118 503 4198 5,
489 4141 518 4184 ι.
565 4114 725 4186 Ceterum
743 4116 1095 4212 Lacedaemoniorum
1120 4131 1197 4209 post
1224 4095 1345 4208 op-
