<?xml version="1.0" encoding="UTF-8"?>
<!DOCTYPE html PUBLIC "-//W3C//DTD XHTML 1.0 Transitional//EN"
    "http://www.w3.org/TR/xhtml1/DTD/xhtml1-transitional.dtd">
<html xmlns="http://www.w3.org/1999/xhtml" xml:lang="en" lang="en">
 <head>
  <title>
</title>
<meta http-equiv="Content-Type" content="text/html;charset=utf-8" />
  <meta name='ocr-system' content='tesseract 3.04.00' />
  <meta name='ocr-capabilities' content='ocr_page ocr_carea ocr_par ocr_line ocrx_word'/>
</head>
<body>
  <div class='ocr_page' id='page_1' title='image "./francisciwiniew00winigoog_0121.png"; bbox 0 0 2694 4784; ppageno 0'>
   <div class='ocr_carea' id='block_1_1' title="bbox 765 283 811 355">
    <p class='ocr_par' dir='ltr' id='par_1_1' title="bbox 765 283 811 355">
     <span class='ocr_line' id='line_1_1' title="bbox 765 283 811 355; baseline 0 0"><span class='ocrx_word' id='word_1_1' title='bbox 765 283 811 355; x_wconf 81' lang='lat'><strong>⁹0</strong></span> 
     </span>
    </p>
   </div>
   <div class='ocr_carea' id='block_1_2' title="bbox 236 437 1341 3054">
    <p class='ocr_par' dir='ltr' id='par_1_2' title="bbox 236 437 1341 3054">
     <span class='ocr_line' id='line_1_2' title="bbox 265 437 1339 544; baseline 0.003 -24"><span class='ocrx_word' id='word_1_2' title='bbox 265 455 316 520; x_wconf 70' lang='lat' dir='ltr'><strong>eta·</strong></span> <span class='ocrx_word' id='word_1_3' title='bbox 325 445 395 519; x_wconf 58' lang='grc' dir='ltr'><strong><em>’τῶν</em></strong></span> <span class='ocrx_word' id='word_1_4' title='bbox 414 452 584 542; x_wconf 77' lang='grc' dir='ltr'><strong><em>πρέσβεων,</em></strong></span> <span class='ocrx_word' id='word_1_5' title='bbox 608 449 729 541; x_wconf 73' lang='grc' dir='ltr'><strong><em>ἔβόόμη</em></strong></span> <span class='ocrx_word' id='word_1_6' title='bbox 741 454 922 542; x_wconf 70' lang='grc' dir='ltr'><strong><em>φθίνοντος.</em></strong></span> <span class='ocrx_word' id='word_1_7' title='bbox 934 449 956 517; x_wconf 92' lang='lat' dir='ltr'><strong>l.</strong></span> <span class='ocrx_word' id='word_1_8' title='bbox 968 473 997 519; x_wconf 87' lang='lat' dir='ltr'><strong>c.</strong></span> <span class='ocrx_word' id='word_1_9' title='bbox 1011 473 1047 544; x_wconf 90' lang='lat' dir='ltr'><strong>p.</strong></span> <span class='ocrx_word' id='word_1_10' title='bbox 1061 451 1104 539; x_wconf 73' lang='grc'><strong>40</strong></span> <span class='ocrx_word' id='word_1_11' title='bbox 1116 476 1162 520; x_wconf 89' lang='lat' dir='ltr'><strong>nt.</strong></span> <span class='ocrx_word' id='word_1_12' title='bbox 1208 453 1311 523; x_wconf 86' lang='lat' dir='ltr'><strong>Com·</strong></span> <span class='ocrx_word' id='word_1_13' title='bbox 1338 437 1339 508; x_wconf 57' lang='grc' dir='ltr'>Ῐ</span> 
     </span>
     <span class='ocr_line' id='line_1_3' title="bbox 264 554 1339 652; baseline 0.006 -29"><span class='ocrx_word' id='word_1_14' title='bbox 264 560 386 624; x_wconf 87' lang='lat' dir='ltr'><strong>morati</strong></span> <span class='ocrx_word' id='word_1_15' title='bbox 408 575 517 627; x_wconf 80' lang='lat' dir='ltr'><strong>cutem</strong></span> <span class='ocrx_word' id='word_1_16' title='bbox 541 554 665 623; x_wconf 89' lang='lat' dir='ltr'><strong>deinde</strong></span> <span class='ocrx_word' id='word_1_17' title='bbox 687 573 766 624; x_wconf 88' lang='lat' dir='ltr'><strong>suut</strong></span> <span class='ocrx_word' id='word_1_18' title='bbox 786 555 888 649; x_wconf 85' lang='lat' dir='ltr'><strong>legati</strong></span> <span class='ocrx_word' id='word_1_19' title='bbox 908 556 1050 625; x_wconf 75' lang='lat' dir='ltr'>Athenis</span> <span class='ocrx_word' id='word_1_20' title='bbox 1077 581 1141 650; x_wconf 90' lang='lat' dir='ltr'><strong>per</strong></span> <span class='ocrx_word' id='word_1_21' title='bbox 1160 557 1310 652; x_wconf 84' lang='lat' dir='ltr'><strong>reliquos</strong></span> <span class='ocrx_word' id='word_1_22' title='bbox 1338 563 1339 588; x_wconf 40' lang='grc' dir='ltr'><strong><em>ί</em></strong></span> 
     </span>
     <span class='ocr_line' id='line_1_4' title="bbox 266 658 1312 756; baseline 0.005 -29"><span class='ocrx_word' id='word_1_23' title='bbox 266 685 403 755; x_wconf 83' lang='lat' dir='ltr'><strong>quoquc</strong></span> <span class='ocrx_word' id='word_1_24' title='bbox 425 659 701 756; x_wconf 83' lang='lat' dir='ltr'><strong>Elaphebolionis</strong></span> <span class='ocrx_word' id='word_1_25' title='bbox 732 659 820 742; x_wconf 86' lang='lat' dir='ltr'><strong>dies,</strong></span> <span class='ocrx_word' id='word_1_26' title='bbox 851 658 959 730; x_wconf 91' lang='lat' dir='ltr'><strong>donec</strong></span> <span class='ocrx_word' id='word_1_27' title='bbox 992 661 1231 754; x_wconf 82' lang='lat' dir='ltr'><strong>Munychionis</strong></span> <span class='ocrx_word' id='word_1_28' title='bbox 1261 668 1312 732; x_wconf 87' lang='lat'><strong>111</strong></span> 
     </span>
     <span class='ocr_line' id='line_1_5' title="bbox 265 761 1311 859; baseline 0.004 -27"><span class='ocrx_word' id='word_1_29' title='bbox 265 766 391 832; x_wconf 83' lang='lat' dir='ltr'><strong>factum</strong></span> <span class='ocrx_word' id='word_1_30' title='bbox 433 783 483 834; x_wconf 88' lang='lat' dir='ltr'><strong>est</strong></span> <span class='ocrx_word' id='word_1_31' title='bbox 519 785 653 833; x_wconf 85' lang='lat' dir='ltr'><strong>senatus</strong></span> <span class='ocrx_word' id='word_1_32' title='bbox 688 761 896 846; x_wconf 85' lang='lat' dir='ltr'><strong>consultum,</strong></span> <span class='ocrx_word' id='word_1_33' title='bbox 936 788 1005 858; x_wconf 89' lang='lat' dir='ltr'><strong>quo</strong></span> <span class='ocrx_word' id='word_1_34' title='bbox 1037 769 1193 859; x_wconf 88' lang='lat' dir='ltr'><strong>protinus</strong></span> <span class='ocrx_word' id='word_1_35' title='bbox 1225 761 1311 837; x_wconf 82' lang='lat' dir='ltr'><strong>u&#39;rhe</strong></span> 
     </span>
     <span class='ocr_line' id='line_1_6' title="bbox 264 867 1312 958; baseline 0.004 -22"><span class='ocrx_word' id='word_1_36' title='bbox 264 869 356 937; x_wconf 86' lang='lat' dir='ltr'><strong>abire</strong></span> <span class='ocrx_word' id='word_1_37' title='bbox 377 871 458 948; x_wconf 86' lang='lat' dir='ltr'><strong>inssi</strong></span> <span class='ocrx_word' id='word_1_38' title='bbox 479 887 570 938; x_wconf 84' lang='lat' dir='ltr'><strong>sunt:</strong></span> <span class='ocrx_word' id='word_1_39' title='bbox 601 869 638 936; x_wconf 79' lang='grc' dir='ltr'><strong>οὗ</strong></span> <span class='ocrx_word' id='word_1_40' title='bbox 665 870 765 956; x_wconf 93' lang='grc' dir='ltr'><strong><em>μόνον</em></strong></span> <span class='ocrx_word' id='word_1_41' title='bbox 794 867 899 937; x_wconf 92' lang='grc' dir='ltr'><strong><em>τοίνυν</em></strong></span> <span class='ocrx_word' id='word_1_42' title='bbox 925 873 1130 958; x_wconf 74' lang='grc' dir='ltr'><strong><em>διετρίψαμεν</em></strong></span> <span class='ocrx_word' id='word_1_43' title='bbox 1155 872 1215 950; x_wconf 84' lang='grc' dir='ltr'><strong><em>τὰς</em></strong></span> <span class='ocrx_word' id='word_1_44' title='bbox 1243 882 1312 940; x_wconf 85' lang='grc' dir='ltr'><strong><em>λοι-</em></strong></span> 
     </span>
     <span class='ocr_line' id='line_1_7' title="bbox 261 973 1308 1064; baseline 0.002 -22"><span class='ocrx_word' id='word_1_45' title='bbox 261 976 325 1052; x_wconf 77' lang='grc' dir='ltr'><strong><em>πὰς</em></strong></span> <span class='ocrx_word' id='word_1_46' title='bbox 341 973 471 1061; x_wconf 76' lang='grc' dir='ltr'><strong><em>’ἡμέρας</em></strong></span> <span class='ocrx_word' id='word_1_47' title='bbox 502 982 559 1042; x_wconf 78' lang='grc' dir='ltr'><strong><em>τοῦ</em></strong></span> <span class='ocrx_word' id='word_1_48' title='bbox 578 975 692 1060; x_wconf 90' lang='grc' dir='ltr'><strong><em>μηνός,</em></strong></span> <span class='ocrx_word' id='word_1_49' title='bbox 721 973 802 1040; x_wconf 78' lang='grc' dir='ltr'><strong><em>ἀλλὰ</em></strong></span> <span class='ocrx_word' id='word_1_50' title='bbox 823 978 1052 1059; x_wconf 75' lang='grc' dir='ltr'><strong><em>Μουνυχιῶνος</em></strong></span> <span class='ocrx_word' id='word_1_51' title='bbox 1076 977 1308 1064; x_wconf 69' lang='grc' dir='ltr'><strong><em>ἐξωρμήσαμεν.</em></strong></span> 
     </span>
     <span class='ocr_line' id='line_1_8' title="bbox 263 1075 1307 1169; baseline 0.003 -23"><span class='ocrx_word' id='word_1_52' title='bbox 263 1083 313 1146; x_wconf 76' lang='grc' dir='ltr'><strong><em>καὶ</em></strong></span> <span class='ocrx_word' id='word_1_53' title='bbox 336 1079 450 1147; x_wconf 86' lang='grc' dir='ltr'><strong><em>τοότου</em></strong></span> <span class='ocrx_word' id='word_1_54' title='bbox 471 1079 529 1165; x_wconf 73' lang='grc' dir='ltr'><strong><em>τὴν</em></strong></span> <span class='ocrx_word' id='word_1_55' title='bbox 548 1081 667 1166; x_wconf 78' lang='grc' dir='ltr'><strong><em>βουλὴν</em></strong></span> <span class='ocrx_word' id='word_1_56' title='bbox 692 1077 838 1167; x_wconf 78' lang='grc' dir='ltr'><strong><em>μάρτυρα</em></strong></span> <span class='ocrx_word' id='word_1_57' title='bbox 858 1075 933 1162; x_wconf 69' lang='lat' dir='ltr'><strong>outa</strong></span> <span class='ocrx_word' id='word_1_58' title='bbox 954 1080 1138 1166; x_wconf 78' lang='grc' dir='ltr'><strong><em>παρέξομαι.</em></strong></span> <span class='ocrx_word' id='word_1_59' title='bbox 1160 1081 1226 1148; x_wconf 74' lang='grc' dir='ltr'><strong><em>έστι</em></strong></span> <span class='ocrx_word' id='word_1_60' title='bbox 1245 1083 1307 1169; x_wconf 77' lang='grc' dir='ltr'><strong>γὰρ</strong></span> 
     </span>
     <span class='ocr_line' id='line_1_9' title="bbox 262 1182 1307 1273; baseline 0.005 -25"><span class='ocrx_word' id='word_1_61' title='bbox 262 1183 362 1270; x_wconf 67' lang='grc' dir='ltr'><strong><em>αὐτῆς</em></strong></span> <span class='ocrx_word' id='word_1_62' title='bbox 381 1184 548 1273; x_wconf 77' lang='grc' dir='ltr'><strong><em>ψήφισμα,</em></strong></span> <span class='ocrx_word' id='word_1_63' title='bbox 579 1183 596 1250; x_wconf 77' lang='grc' dir='ltr'>ὃ</span> <span class='ocrx_word' id='word_1_64' title='bbox 618 1183 730 1250; x_wconf 87' lang='grc' dir='ltr'><strong><em>κελεόει</em></strong></span> <span class='ocrx_word' id='word_1_65' title='bbox 751 1182 872 1249; x_wconf 80' lang='grc' dir='ltr'><strong><em>ἀπιέναι</em></strong></span> <span class='ocrx_word' id='word_1_66' title='bbox 902 1182 978 1260; x_wconf 81' lang='grc' dir='ltr'><strong><em>τοὺς</em></strong></span> <span class='ocrx_word' id='word_1_67' title='bbox 998 1185 1143 1270; x_wconf 76' lang='grc' dir='ltr'><strong><em>πρέσβεις</em></strong></span> <span class='ocrx_word' id='word_1_68' title='bbox 1163 1188 1213 1253; x_wconf 71' lang='lat' dir='ltr'><strong>tut</strong></span> <span class='ocrx_word' id='word_1_69' title='bbox 1235 1185 1307 1264; x_wconf 73' lang='grc' dir='ltr'><strong><em>τοὺς</em></strong></span> 
     </span>
     <span class='ocr_line' id='line_1_10' title="bbox 262 1286 1307 1378; baseline 0.004 -26"><span class='ocrx_word' id='word_1_70' title='bbox 262 1287 384 1370; x_wconf 76' lang='grc' dir='ltr'><strong><em>ὅρκους.</em></strong></span> <span class='ocrx_word' id='word_1_71' title='bbox 416 1327 460 1342; x_wconf 92' lang='lat'><strong>·-</strong></span> <span class='ocrx_word' id='word_1_72' title='bbox 481 1290 643 1378; x_wconf 79' lang='grc' dir='ltr'><strong><em>ψήφισμα.</em></strong></span> <span class='ocrx_word' id='word_1_73' title='bbox 668 1287 793 1375; x_wconf 82' lang='grc' dir='ltr'><strong><em>χρόνος.</em></strong></span> <span class='ocrx_word' id='word_1_74' title='bbox 822 1286 966 1370; x_wconf 64' lang='lat' dir='ltr'><strong>aarum,</strong></span> <span class='ocrx_word' id='word_1_75' title='bbox 1003 1287 1052 1354; x_wconf 79' lang='grc' dir='ltr'><strong>ὅτι</strong></span> <span class='ocrx_word' id='word_1_76' title='bbox 1079 1293 1307 1374; x_wconf 83' lang='grc' dir='ltr'><strong><em>Μουνυχιῶνος</em></strong></span> 
     </span>
     <span class='ocr_line' id='line_1_11' title="bbox 261 1387 1303 1484; baseline -0.001 -25"><span class='ocrx_word' id='word_1_77' title='bbox 261 1394 430 1480; x_wconf 75' lang='grc' dir='ltr'><strong><em>έψηφίσθη</em></strong></span> <span class='ocrx_word' id='word_1_78' title='bbox 458 1396 549 1482; x_wconf 86' lang='grc' dir='ltr'><strong><em>τρίτη</em></strong></span> <span class='ocrx_word' id='word_1_79' title='bbox 577 1387 755 1476; x_wconf 76' lang='grc' dir='ltr'><strong><em>ἱσταμένου.</em></strong></span> <span class='ocrx_word' id='word_1_80' title='bbox 798 1391 918 1460; x_wconf 89' lang='lat' dir='ltr'><strong>Aesch.</strong></span> <span class='ocrx_word' id='word_1_81' title='bbox 946 1389 968 1456; x_wconf 89' lang='lat' dir='ltr'><strong>l.</strong></span> <span class='ocrx_word' id='word_1_82' title='bbox 999 1415 1028 1458; x_wconf 94' lang='lat' dir='ltr'><strong>c.</strong></span> <span class='ocrx_word' id='word_1_83' title='bbox 1049 1417 1085 1484; x_wconf 90' lang='lat' dir='ltr'><strong>p.</strong></span> <span class='ocrx_word' id='word_1_84' title='bbox 1107 1389 1150 1477; x_wconf 73' lang='lat'><strong>40</strong></span> <span class='ocrx_word' id='word_1_85' title='bbox 1172 1415 1220 1458; x_wconf 92' lang='lat' dir='ltr'><strong>m.</strong></span> <span class='ocrx_word' id='word_1_86' title='bbox 1270 1391 1303 1459; x_wconf 84' lang='lat' dir='ltr'><strong>td</strong></span> 
     </span>
     <span class='ocr_line' id='line_1_12' title="bbox 260 1494 1304 1591; baseline 0.004 -31"><span class='ocrx_word' id='word_1_87' title='bbox 260 1513 396 1563; x_wconf 86' lang='lat' dir='ltr'><strong>senatus</strong></span> <span class='ocrx_word' id='word_1_88' title='bbox 418 1497 609 1591; x_wconf 85' lang='lat' dir='ltr'><strong>psephisma</strong></span> <span class='ocrx_word' id='word_1_89' title='bbox 632 1499 717 1590; x_wconf 90' lang='lat' dir='ltr'><strong>quin</strong></span> <span class='ocrx_word' id='word_1_90' title='bbox 732 1494 831 1573; x_wconf 73' lang='lat' dir='ltr'><strong>idem</strong></span> <span class='ocrx_word' id='word_1_91' title='bbox 852 1497 911 1579; x_wconf 89' lang='lat' dir='ltr'><strong>sit,</strong></span> <span class='ocrx_word' id='word_1_92' title='bbox 934 1520 971 1562; x_wconf 84' lang='lat' dir='ltr'><strong>ec</strong></span> <span class='ocrx_word' id='word_1_93' title='bbox 992 1496 1088 1589; x_wconf 88' lang='lat' dir='ltr'><strong>quod</strong></span> <span class='ocrx_word' id='word_1_94' title='bbox 1108 1525 1142 1565; x_wconf 88' lang='grc' dir='ltr'><strong><em>π.</em></strong></span> <span class='ocrx_word' id='word_1_95' title='bbox 1164 1523 1304 1585; x_wconf 88' lang='grc' dir='ltr'><strong><em>παραπρ.</em></strong></span> 
     </span>
     <span class='ocr_line' id='line_1_13' title="bbox 259 1600 1303 1694; baseline -0.004 -24"><span class='ocrx_word' id='word_1_96' title='bbox 259 1624 295 1694; x_wconf 91' lang='lat' dir='ltr'><strong>p.</strong></span> <span class='ocrx_word' id='word_1_97' title='bbox 331 1603 396 1691; x_wconf 84' lang='lat'><strong>389</strong></span> <span class='ocrx_word' id='word_1_98' title='bbox 425 1603 560 1671; x_wconf 86' lang='lat' dir='ltr'><strong>recitari</strong></span> <span class='ocrx_word' id='word_1_99' title='bbox 594 1601 837 1670; x_wconf 77' lang='lat' dir='ltr'><strong>Demosthenes</strong></span> <span class='ocrx_word' id='word_1_100' title='bbox 876 1601 987 1684; x_wconf 89' lang='lat' dir='ltr'><strong>iubet,</strong></span> <span class='ocrx_word' id='word_1_101' title='bbox 1026 1601 1141 1670; x_wconf 85' lang='lat' dir='ltr'><strong>nullus</strong></span> <span class='ocrx_word' id='word_1_102' title='bbox 1173 1600 1303 1669; x_wconf 84' lang='lat' dir='ltr'><strong>dubito.</strong></span> 
     </span>
     <span class='ocr_line' id='line_1_14' title="bbox 261 1705 1341 1801; baseline 0.002 -31"><span class='ocrx_word' id='word_1_103' title='bbox 261 1705 480 1801; x_wconf 86' lang='lat' dir='ltr'><strong>Consumptis</strong></span> <span class='ocrx_word' id='word_1_104' title='bbox 511 1709 602 1774; x_wconf 89' lang='lat' dir='ltr'><strong>enim</strong></span> <span class='ocrx_word' id='word_1_105' title='bbox 623 1707 880 1799; x_wconf 80' lang='lat' dir='ltr'><strong>praeceptisque</strong></span> <span class='ocrx_word' id='word_1_106' title='bbox 909 1707 976 1773; x_wconf 84' lang='lat' dir='ltr'><strong>iam</strong></span> <span class='ocrx_word' id='word_1_107' title='bbox 1005 1706 1163 1790; x_wconf 89' lang='lat' dir='ltr'><strong>comitiis,</strong></span> <span class='ocrx_word' id='word_1_108' title='bbox 1198 1731 1304 1798; x_wconf 85' lang='lat' dir='ltr'><strong>quum</strong></span> <span class='ocrx_word' id='word_1_109' title='bbox 1340 1707 1341 1750; x_wconf 70' lang='lat'>³</span> 
     </span>
     <span class='ocr_line' id='line_1_15' title="bbox 260 1809 1306 1906; baseline 0.003 -31"><span class='ocrx_word' id='word_1_110' title='bbox 260 1827 344 1877; x_wconf 86' lang='lat' dir='ltr'><strong>esset</strong></span> <span class='ocrx_word' id='word_1_111' title='bbox 376 1815 506 1880; x_wconf 88' lang='lat' dir='ltr'><strong>senatui</strong></span> <span class='ocrx_word' id='word_1_112' title='bbox 533 1839 552 1880; x_wconf 85' lang='lat' dir='ltr'><strong>a</strong></span> <span class='ocrx_word' id='word_1_113' title='bbox 577 1810 704 1906; x_wconf 91' lang='lat' dir='ltr'><strong>populo</strong></span> <span class='ocrx_word' id='word_1_114' title='bbox 735 1812 952 1903; x_wconf 86' lang='lat' dir='ltr'><strong>profectionis</strong></span> <span class='ocrx_word' id='word_1_115' title='bbox 979 1809 1168 1902; x_wconf 87' lang='lat' dir='ltr'><strong>legatorum</strong></span> <span class='ocrx_word' id='word_1_116' title='bbox 1195 1829 1306 1880; x_wconf 82' lang='lat' dir='ltr'><strong>matu-</strong></span> 
     </span>
     <span class='ocr_line' id='line_1_16' title="bbox 257 1915 1304 2008; baseline 0.002 -28"><span class='ocrx_word' id='word_1_117' title='bbox 257 1916 384 1982; x_wconf 83' lang='lat' dir='ltr'><strong>randae</strong></span> <span class='ocrx_word' id='word_1_118' title='bbox 404 1935 547 2008; x_wconf 84' lang='lat' dir='ltr'><strong>potestas</strong></span> <span class='ocrx_word' id='word_1_119' title='bbox 568 1917 664 1996; x_wconf 82' lang='lat' dir='ltr'><strong>facta,</strong></span> <span class='ocrx_word' id='word_1_120' title='bbox 686 1933 874 1982; x_wconf 77' lang='lat' dir='ltr'><strong>senatorem</strong></span> <span class='ocrx_word' id='word_1_121' title='bbox 895 1931 966 1982; x_wconf 90' lang='lat' dir='ltr'><strong>tum</strong></span> <span class='ocrx_word' id='word_1_122' title='bbox 982 1915 1142 2008; x_wconf 84' lang='lat' dir='ltr'><strong>temporis</strong></span> <span class='ocrx_word' id='word_1_123' title='bbox 1164 1939 1201 1982; x_wconf 89' lang='lat' dir='ltr'><strong>se</strong></span> <span class='ocrx_word' id='word_1_124' title='bbox 1223 1941 1304 1985; x_wconf 90' lang='lat' dir='ltr'><strong>con-</strong></span> 
     </span>
     <span class='ocr_line' id='line_1_17' title="bbox 259 2019 1303 2114; baseline 0.002 -28"><span class='ocrx_word' id='word_1_125' title='bbox 259 2022 431 2110; x_wconf 85' lang='lat' dir='ltr'><strong>scripsisse</strong></span> <span class='ocrx_word' id='word_1_126' title='bbox 453 2020 625 2088; x_wconf 84' lang='lat' dir='ltr'><strong>decretu&#39;m</strong></span> <span class='ocrx_word' id='word_1_127' title='bbox 646 2035 800 2100; x_wconf 87' lang='lat' dir='ltr'><strong>testatur,</strong></span> <span class='ocrx_word' id='word_1_128' title='bbox 829 2043 896 2112; x_wconf 88' lang='lat' dir='ltr'><strong>quo</strong></span> <span class='ocrx_word' id='word_1_129' title='bbox 924 2021 1082 2086; x_wconf 84' lang='lat' dir='ltr'><strong>citissime</strong></span> <span class='ocrx_word' id='word_1_130' title='bbox 1109 2019 1211 2114; x_wconf 83' lang='lat' dir='ltr'><strong>legati</strong></span> <span class='ocrx_word' id='word_1_131' title='bbox 1242 2023 1303 2089; x_wconf 88' lang='lat' dir='ltr'><strong>iter</strong></span> 
     </span>
     <span class='ocr_line' id='line_1_18' title="bbox 258 2118 1304 2210; baseline 0.006 -24"><span class='ocrx_word' id='word_1_132' title='bbox 258 2124 346 2188; x_wconf 89' lang='lat' dir='ltr'><strong>inire</strong></span> <span class='ocrx_word' id='word_1_133' title='bbox 369 2124 578 2190; x_wconf 89' lang='lat' dir='ltr'><strong>iuberentur:</strong></span> <span class='ocrx_word' id='word_1_134' title='bbox 601 2123 704 2209; x_wconf 72' lang='grc' dir='ltr'><strong><em>ἐπειδὴ</em></strong></span> <span class='ocrx_word' id='word_1_135' title='bbox 726 2123 786 2210; x_wconf 68' lang='lat' dir='ltr'><strong>quic</strong></span> <span class='ocrx_word' id='word_1_136' title='bbox 800 2125 942 2210; x_wconf 74' lang='grc' dir='ltr'><strong><em>ἐκκλησία</em></strong></span> <span class='ocrx_word' id='word_1_137' title='bbox 961 2123 1058 2192; x_wconf 68' lang='grc' dir='ltr'><strong><em>οὐκέτ’</em></strong></span> <span class='ocrx_word' id='word_1_138' title='bbox 1078 2118 1118 2191; x_wconf 68' lang='lat' dir='ltr'><strong>aiv</strong></span> <span class='ocrx_word' id='word_1_139' title='bbox 1133 2123 1304 2204; x_wconf 72' lang='grc' dir='ltr'><strong><em>ὑπόλοιπος</em></strong></span> 
     </span>
     <span class='ocr_line' id='line_1_19' title="bbox 258 2221 1298 2324; baseline 0.004 -32"><span class='ocrx_word' id='word_1_140' title='bbox 258 2228 388 2312; x_wconf 75' lang='grc' dir='ltr'><strong><em>οὐδεμία</em></strong></span> <span class='ocrx_word' id='word_1_141' title='bbox 409 2227 462 2295; x_wconf 82' lang='grc' dir='ltr'><strong><em>διὰ</em></strong></span> <span class='ocrx_word' id='word_1_142' title='bbox 484 2228 520 2294; x_wconf 82' lang='grc' dir='ltr'><strong><em>τὸ</em></strong></span> <span class='ocrx_word' id='word_1_143' title='bbox 543 2235 872 2324; x_wconf 73' lang='grc' dir='ltr'><strong><em>προκατακεχρῆσθαι,</em></strong></span> <span class='ocrx_word' id='word_1_144' title='bbox 903 2221 989 2296; x_wconf 74' lang='grc' dir='ltr'><strong><em>οὗτοι</em></strong></span> <span class='ocrx_word' id='word_1_145' title='bbox 1018 2232 1045 2296; x_wconf 77' lang='grc' dir='ltr'><strong>δ’</strong></span> <span class='ocrx_word' id='word_1_146' title='bbox 1073 2229 1129 2295; x_wconf 74' lang='grc' dir='ltr'><strong><em>οὐκ</em></strong></span> <span class='ocrx_word' id='word_1_147' title='bbox 1150 2229 1298 2318; x_wconf 75' lang='grc' dir='ltr'><strong><em>όπῄεσαν,</em></strong></span> 
     </span>
     <span class='ocr_line' id='line_1_20' title="bbox 257 2331 1293 2422; baseline 0.003 -26"><span class='ocrx_word' id='word_1_148' title='bbox 257 2331 325 2397; x_wconf 78' lang='grc' dir='ltr'><strong><em>ἀλλ’</em></strong></span> <span class='ocrx_word' id='word_1_149' title='bbox 360 2333 458 2399; x_wconf 76' lang='grc' dir='ltr'><strong><em>αὐτοῦ</em></strong></span> <span class='ocrx_word' id='word_1_150' title='bbox 491 2331 661 2420; x_wconf 72' lang='grc' dir='ltr'><strong><em>διέτριβον,</em></strong></span> <span class='ocrx_word' id='word_1_151' title='bbox 699 2332 833 2422; x_wconf 77' lang='grc' dir='ltr'><strong><em>γράφοι</em></strong></span> <span class='ocrx_word' id='word_1_152' title='bbox 871 2331 1055 2422; x_wconf 77' lang='grc' dir='ltr'><strong><em>ψήφισμα</em></strong></span> <span class='ocrx_word' id='word_1_153' title='bbox 1077 2333 1293 2416; x_wconf 54' lang='lat' dir='ltr'><strong>portetur,</strong></span> 
     </span>
     <span class='ocr_line' id='line_1_21' title="bbox 236 2433 1296 2525; baseline 0.002 -23"><span class='ocrx_word' id='word_1_154' title='bbox 236 2433 315 2521; x_wconf 69' lang='grc' dir='ltr'><strong><em>’τὴν</em></strong></span> <span class='ocrx_word' id='word_1_155' title='bbox 334 2437 453 2524; x_wconf 79' lang='grc' dir='ltr'><strong><em>βουλὴν</em></strong></span> <span class='ocrx_word' id='word_1_156' title='bbox 473 2437 663 2525; x_wconf 77' lang='grc' dir='ltr'><strong><em>ποιήσαντος</em></strong></span> <span class='ocrx_word' id='word_1_157' title='bbox 676 2445 739 2506; x_wconf 74' lang='lat' dir='ltr'><strong>‚coti</strong></span> <span class='ocrx_word' id='word_1_158' title='bbox 762 2435 864 2524; x_wconf 79' lang='grc' dir='ltr'><strong><em>δήμου</em></strong></span> <span class='ocrx_word' id='word_1_159' title='bbox 884 2440 1011 2525; x_wconf 86' lang='grc' dir='ltr'><strong><em>κυρίαν,</em></strong></span> <span class='ocrx_word' id='word_1_160' title='bbox 1041 2437 1189 2504; x_wconf 75' lang='grc' dir='ltr'><strong><em>ἀπιέναι</em></strong></span> <span class='ocrx_word' id='word_1_161' title='bbox 1209 2436 1296 2514; x_wconf 75' lang='grc' dir='ltr'><strong><em>τοὺς</em></strong></span> 
     </span>
     <span class='ocr_line' id='line_1_22' title="bbox 254 2535 1300 2631; baseline 0.002 -23"><span class='ocrx_word' id='word_1_162' title='bbox 254 2543 439 2629; x_wconf 80' lang='grc' dir='ltr'><strong><em>πρέσβεις</em></strong></span> <span class='ocrx_word' id='word_1_163' title='bbox 460 2535 530 2630; x_wconf 75' lang='grc' dir='ltr'><strong><em>τὴν</em></strong></span> <span class='ocrx_word' id='word_1_164' title='bbox 550 2546 760 2630; x_wconf 83' lang='grc' dir='ltr'><strong><em>ταχίστην,</em></strong></span> <span class='ocrx_word' id='word_1_165' title='bbox 785 2569 855 2610; x_wconf 90' lang='grc' dir='ltr'><strong><em>τον</em></strong></span> <span class='ocrx_word' id='word_1_166' title='bbox 876 2543 917 2610; x_wconf 78' lang='grc' dir='ltr'><strong>δέ</strong></span> <span class='ocrx_word' id='word_1_167' title='bbox 944 2541 1172 2628; x_wconf 70' lang='grc' dir='ltr'><strong><em>στρατηγὸν</em></strong></span> <span class='ocrx_word' id='word_1_168' title='bbox 1192 2541 1300 2631; x_wconf 85' lang='grc' dir='ltr'><strong><em>Πρό-</em></strong></span> 
     </span>
     <span class='ocr_line' id='line_1_23' title="bbox 254 2643 1301 2729; baseline 0.005 -20"><span class='ocrx_word' id='word_1_169' title='bbox 254 2649 367 2722; x_wconf 83' lang='grc' dir='ltr'><strong><em>ξενον</em></strong></span> <span class='ocrx_word' id='word_1_170' title='bbox 396 2649 577 2729; x_wconf 86' lang='grc' dir='ltr'><strong><em>κομίζειν</em></strong></span> <span class='ocrx_word' id='word_1_171' title='bbox 604 2647 745 2725; x_wconf 76' lang='grc' dir='ltr'><strong><em>αὖτοὺς</em></strong></span> <span class='ocrx_word' id='word_1_172' title='bbox 767 2650 828 2728; x_wconf 80' lang='grc' dir='ltr'><strong>έπί</strong></span> <span class='ocrx_word' id='word_1_173' title='bbox 856 2645 959 2724; x_wconf 75' lang='grc' dir='ltr'><strong><em>’τοὺς</em></strong></span> <span class='ocrx_word' id='word_1_174' title='bbox 986 2644 1131 2726; x_wconf 72' lang='grc' dir='ltr'><strong><em>τόπους</em></strong></span> <span class='ocrx_word' id='word_1_175' title='bbox 1167 2648 1209 2716; x_wconf 79' lang='grc' dir='ltr'><strong>έν</strong></span> <span class='ocrx_word' id='word_1_176' title='bbox 1238 2643 1301 2725; x_wconf 80' lang='grc' dir='ltr'><strong>οἷς</strong></span> 
     </span>
     <span class='ocr_line' id='line_1_24' title="bbox 255 2747 1300 2840; baseline 0.007 -27"><span class='ocrx_word' id='word_1_177' title='bbox 255 2748 302 2813; x_wconf 76' lang='lat' dir='ltr'><strong>riu</strong></span> <span class='ocrx_word' id='word_1_178' title='bbox 322 2749 414 2815; x_wconf 80' lang='grc' dir='ltr'><strong><em>ὄντα</em></strong></span> <span class='ocrx_word' id='word_1_179' title='bbox 437 2747 642 2824; x_wconf 80' lang='grc' dir='ltr'><strong><em>Φίλιππον</em></strong></span> <span class='ocrx_word' id='word_1_180' title='bbox 662 2752 942 2838; x_wconf 67' lang='grc' dir='ltr'><strong><em>πυνθάνηται,</em></strong></span> <span class='ocrx_word' id='word_1_181' title='bbox 971 2747 1102 2837; x_wconf 76' lang='grc' dir='ltr'><strong><em>χρόψας</em></strong></span> <span class='ocrx_word' id='word_1_182' title='bbox 1122 2750 1224 2840; x_wconf 77' lang='grc' dir='ltr'><strong><em>ὥςπερ</em></strong></span> <span class='ocrx_word' id='word_1_183' title='bbox 1245 2759 1300 2820; x_wconf 79' lang='grc' dir='ltr'><strong>νῦν</strong></span> 
     </span>
     <span class='ocr_line' id='line_1_25' title="bbox 253 2849 1299 2944; baseline 0.004 -26"><span class='ocrx_word' id='word_1_184' title='bbox 253 2853 343 2940; x_wconf 76' lang='grc' dir='ltr'><strong><em>λέγω,</em></strong></span> <span class='ocrx_word' id='word_1_185' title='bbox 366 2862 434 2930; x_wconf 81' lang='grc' dir='ltr'><strong><em>τοΐς</em></strong></span> <span class='ocrx_word' id='word_1_186' title='bbox 454 2849 589 2944; x_wconf 72' lang='grc' dir='ltr'><strong><em>ῥήμασιν</em></strong></span> <span class='ocrx_word' id='word_1_187' title='bbox 609 2855 709 2934; x_wconf 71' lang='grc' dir='ltr'><strong><em>οὕτως</em></strong></span> <span class='ocrx_word' id='word_1_188' title='bbox 730 2856 883 2943; x_wconf 76' lang='grc' dir='ltr'><strong><em>ἄντικρυς.</em></strong></span> <span class='ocrx_word' id='word_1_189' title='bbox 928 2855 1061 2940; x_wconf 86' lang='lat' dir='ltr'><strong>Quibus</strong></span> <span class='ocrx_word' id='word_1_190' title='bbox 1088 2879 1166 2922; x_wconf 88' lang='lat' dir='ltr'><strong>cum</strong></span> <span class='ocrx_word' id='word_1_191' title='bbox 1188 2856 1299 2924; x_wconf 83' lang='lat' dir='ltr'><strong>verbis</strong></span> 
     </span>
     <span class='ocr_line' id='line_1_26' title="bbox 253 2956 1298 3054; baseline 0.005 -31"><span class='ocrx_word' id='word_1_192' title='bbox 253 2957 282 3025; x_wconf 88' lang='lat' dir='ltr'><strong>si</strong></span> <span class='ocrx_word' id='word_1_193' title='bbox 310 2956 527 3054; x_wconf 70' lang='grc' dir='ltr'><strong><em>(πρόσεστι,</em></strong></span> <span class='ocrx_word' id='word_1_194' title='bbox 562 2983 647 3052; x_wconf 85' lang='lat' dir='ltr'><strong>quae</strong></span> <span class='ocrx_word' id='word_1_195' title='bbox 677 2958 720 3026; x_wconf 89' lang='lat' dir='ltr'><strong>de</strong></span> <span class='ocrx_word' id='word_1_196' title='bbox 749 2957 882 3030; x_wconf 89' lang='lat' dir='ltr'><strong>decreto</strong></span> <span class='ocrx_word' id='word_1_197' title='bbox 910 2975 1027 3026; x_wconf 87' lang='lat' dir='ltr'><strong>nostro</strong></span> <span class='ocrx_word' id='word_1_198' title='bbox 1054 2959 1298 3028; x_wconf 86' lang='lat' dir='ltr'><strong>Demosthenes</strong></span> 
     </span>
    </p>
   </div>
   <div class='ocr_carea' id='block_1_3' title="bbox 129 3055 1298 3156">
    <p class='ocr_par' dir='ltr' id='par_1_3' title="bbox 129 3055 1298 3156">
     <span class='ocr_line' id='line_1_27' title="bbox 129 3055 1298 3156; baseline 0.005 -31"><span class='ocrx_word' id='word_1_199' title='bbox 129 3104 131 3114; x_wconf 87' lang='lat'>·</span> <span class='ocrx_word' id='word_1_200' title='bbox 247 3061 290 3130; x_wconf 78' lang='lat' dir='ltr'><strong>&#39;in</strong></span> <span class='ocrx_word' id='word_1_201' title='bbox 319 3083 367 3128; x_wconf 87' lang='lat' dir='ltr'><strong>or.</strong></span> <span class='ocrx_word' id='word_1_202' title='bbox 397 3060 441 3129; x_wconf 88' lang='lat' dir='ltr'><strong>de</strong></span> <span class='ocrx_word' id='word_1_203' title='bbox 468 3084 537 3131; x_wconf 88' lang='lat' dir='ltr'><strong>cor.</strong></span> <span class='ocrx_word' id='word_1_204' title='bbox 566 3089 601 3156; x_wconf 90' lang='lat' dir='ltr'><strong>p.</strong></span> <span class='ocrx_word' id='word_1_205' title='bbox 632 3065 695 3133; x_wconf 82' lang='lat'><strong>233</strong></span> <span class='ocrx_word' id='word_1_206' title='bbox 726 3063 823 3131; x_wconf 89' lang='lat' dir='ltr'><strong>dicit:</strong></span> <span class='ocrx_word' id='word_1_207' title='bbox 857 3063 917 3150; x_wconf 80' lang='grc' dir='ltr'><strong>έγώ</strong></span> <span class='ocrx_word' id='word_1_208' title='bbox 945 3065 1004 3148; x_wconf 80' lang='grc' dir='ltr'><strong>μέν</strong></span> <span class='ocrx_word' id='word_1_209' title='bbox 1040 3066 1145 3132; x_wconf 91' lang='grc' dir='ltr'><strong><em>τοίνυν</em></strong></span> <span class='ocrx_word' id='word_1_210' title='bbox 1173 3055 1298 3154; x_wconf 75' lang='grc' dir='ltr'><strong><em>ἴγραψα</em></strong></span> 
     </span>
    </p>
   </div>
   <div class='ocr_carea' id='block_1_4' title="bbox 247 3165 1339 4100">
    <p class='ocr_par' dir='ltr' id='par_1_4' title="bbox 247 3165 1339 4100">
     <span class='ocr_line' id='line_1_28' title="bbox 250 3165 1301 3256; baseline 0.007 -26"><span class='ocrx_word' id='word_1_211' title='bbox 250 3165 451 3250; x_wconf 80' lang='grc' dir='ltr'><strong><em>βουλεόοιν</em></strong></span> <span class='ocrx_word' id='word_1_212' title='bbox 471 3167 621 3238; x_wconf 78' lang='grc' dir='ltr'><strong><em>ἀποπλεῖν</em></strong></span> <span class='ocrx_word' id='word_1_213' title='bbox 641 3168 701 3256; x_wconf 77' lang='grc' dir='ltr'><strong><em>τὴν</em></strong></span> <span class='ocrx_word' id='word_1_214' title='bbox 723 3170 873 3253; x_wconf 86' lang='grc' dir='ltr'><strong><em>ταχίστην</em></strong></span> <span class='ocrx_word' id='word_1_215' title='bbox 893 3168 968 3244; x_wconf 77' lang='grc' dir='ltr'><strong><em>τοὺς</em></strong></span> <span class='ocrx_word' id='word_1_216' title='bbox 988 3167 1134 3255; x_wconf 80' lang='grc' dir='ltr'><strong><em>πρέσβεις</em></strong></span> <span class='ocrx_word' id='word_1_217' title='bbox 1152 3171 1203 3236; x_wconf 71' lang='lat' dir='ltr'><strong>tut</strong></span> <span class='ocrx_word' id='word_1_218' title='bbox 1225 3171 1301 3248; x_wconf 75' lang='grc' dir='ltr'><strong><em>τοὺς</em></strong></span> 
     </span>
     <span class='ocr_line' id='line_1_29' title="bbox 250 3269 1300 3357; baseline 0 -17"><span class='ocrx_word' id='word_1_219' title='bbox 250 3269 382 3354; x_wconf 82' lang='grc' dir='ltr'><strong><em>τόπους,</em></strong></span> <span class='ocrx_word' id='word_1_220' title='bbox 412 3274 446 3340; x_wconf 84' lang='grc' dir='ltr'><strong>έν</strong></span> <span class='ocrx_word' id='word_1_221' title='bbox 460 3269 520 3350; x_wconf 68' lang='grc' dir='ltr'><strong><em>,οἷς</em></strong></span> <span class='ocrx_word' id='word_1_222' title='bbox 548 3271 588 3340; x_wconf 77' lang='grc' dir='ltr'><strong>ἂν</strong></span> <span class='ocrx_word' id='word_1_223' title='bbox 618 3272 693 3340; x_wconf 84' lang='grc' dir='ltr'><strong><em>όντα</em></strong></span> <span class='ocrx_word' id='word_1_224' title='bbox 720 3271 777 3340; x_wconf 85' lang='grc' dir='ltr'><strong><em>τὸν</em></strong></span> <span class='ocrx_word' id='word_1_225' title='bbox 809 3275 972 3339; x_wconf 74' lang='grc' dir='ltr'><strong><em>Φίλιππον</em></strong></span> <span class='ocrx_word' id='word_1_226' title='bbox 985 3270 1226 3357; x_wconf 70' lang='grc' dir='ltr'><strong><em>πυνθάνωνται,</em></strong></span> <span class='ocrx_word' id='word_1_227' title='bbox 1252 3274 1300 3342; x_wconf 81' lang='lat' dir='ltr'><strong>fa·</strong></span> 
     </span>
     <span class='ocr_line' id='line_1_30' title="bbox 250 3372 1297 3468; baseline 0.008 -31"><span class='ocrx_word' id='word_1_228' title='bbox 250 3372 316 3445; x_wconf 88' lang='lat' dir='ltr'><strong>cile</strong></span> <span class='ocrx_word' id='word_1_229' title='bbox 339 3373 511 3446; x_wconf 87' lang='lat' dir='ltr'><strong>decretum</strong></span> <span class='ocrx_word' id='word_1_230' title='bbox 531 3376 600 3446; x_wconf 92' lang='lat' dir='ltr'><strong>hoc</strong></span> <span class='ocrx_word' id='word_1_231' title='bbox 612 3373 709 3444; x_wconf 87' lang='lat' dir='ltr'><strong>idem</strong></span> <span class='ocrx_word' id='word_1_232' title='bbox 730 3394 831 3468; x_wconf 86' lang='lat' dir='ltr'><strong>atque</strong></span> <span class='ocrx_word' id='word_1_233' title='bbox 860 3374 950 3443; x_wconf 86' lang='lat' dir='ltr'><strong>iltud</strong></span> <span class='ocrx_word' id='word_1_234' title='bbox 980 3401 1049 3450; x_wconf 86' lang='lat' dir='ltr'><strong>esse</strong></span> <span class='ocrx_word' id='word_1_235' title='bbox 1077 3381 1297 3446; x_wconf 86' lang='lat' dir='ltr'><strong>consenseris.</strong></span> 
     </span>
     <span class='ocr_line' id='line_1_31' title="bbox 252 3467 1331 3574; baseline 0 -26"><span class='ocrx_word' id='word_1_236' title='bbox 252 3476 321 3548; x_wconf 86' lang='lat' dir='ltr'><strong>Sed</strong></span> <span class='ocrx_word' id='word_1_237' title='bbox 348 3479 431 3549; x_wconf 90' lang='lat' dir='ltr'><strong>huic</strong></span> <span class='ocrx_word' id='word_1_238' title='bbox 451 3481 635 3550; x_wconf 87' lang='lat' dir='ltr'><strong>sententiae</strong></span> <span class='ocrx_word' id='word_1_239' title='bbox 658 3497 691 3546; x_wconf 90' lang='lat' dir='ltr'><strong>et</strong></span> <span class='ocrx_word' id='word_1_240' title='bbox 711 3480 945 3574; x_wconf 82' lang='lat' dir='ltr'><strong>psephismatis</strong></span> <span class='ocrx_word' id='word_1_241' title='bbox 969 3479 1077 3549; x_wconf 81' lang='lat' dir='ltr'><strong>forma</strong></span> <span class='ocrx_word' id='word_1_242' title='bbox 1097 3503 1297 3573; x_wconf 79' lang='lat' dir='ltr'><strong>repugnare,</strong></span> <span class='ocrx_word' id='word_1_243' title='bbox 1325 3467 1331 3480; x_wconf 66' lang='lat'><em>„</em></span> 
     </span>
     <span class='ocr_line' id='line_1_32' title="bbox 248 3581 1339 3680; baseline -0.003 -25"><span class='ocrx_word' id='word_1_244' title='bbox 248 3608 313 3655; x_wconf 85' lang='lat' dir='ltr'><strong>nec</strong></span> <span class='ocrx_word' id='word_1_245' title='bbox 335 3587 434 3656; x_wconf 84' lang='lat' dir='ltr'><strong>verba</strong></span> <span class='ocrx_word' id='word_1_246' title='bbox 451 3588 628 3678; x_wconf 81' lang='lat' dir='ltr'><strong>utriusque</strong></span> <span class='ocrx_word' id='word_1_247' title='bbox 650 3581 777 3672; x_wconf 84' lang='lat' dir='ltr'><strong>decreti</strong></span> <span class='ocrx_word' id='word_1_248' title='bbox 798 3587 844 3652; x_wconf 82' lang='lat' dir='ltr'><strong>its</strong></span> <span class='ocrx_word' id='word_1_249' title='bbox 864 3586 932 3653; x_wconf 90' lang='lat' dir='ltr'><strong>sibi</strong></span> <span class='ocrx_word' id='word_1_250' title='bbox 952 3583 1159 3680; x_wconf 83' lang='lat' dir='ltr'><strong>respondere</strong></span> <span class='ocrx_word' id='word_1_251' title='bbox 1178 3581 1299 3652; x_wconf 86' lang='lat' dir='ltr'><strong>viden-</strong></span> <span class='ocrx_word' id='word_1_252' title='bbox 1336 3611 1339 3618; x_wconf 95' lang='lat'>·</span> 
     </span>
     <span class='ocr_line' id='line_1_33' title="bbox 249 3688 1294 3786; baseline 0 -30"><span class='ocrx_word' id='word_1_253' title='bbox 249 3703 316 3768; x_wconf 80' lang='lat' dir='ltr'><strong>tur,</strong></span> <span class='ocrx_word' id='word_1_254' title='bbox 339 3709 376 3756; x_wconf 91' lang='lat' dir='ltr'><strong>ut</strong></span> <span class='ocrx_word' id='word_1_255' title='bbox 397 3692 503 3786; x_wconf 90' lang='lat' dir='ltr'><strong>possit</strong></span> <span class='ocrx_word' id='word_1_256' title='bbox 524 3691 683 3758; x_wconf 85' lang='lat' dir='ltr'><strong>continuo</strong></span> <span class='ocrx_word' id='word_1_257' title='bbox 706 3713 777 3755; x_wconf 90' lang='lat' dir='ltr'><strong>non</strong></span> <span class='ocrx_word' id='word_1_258' title='bbox 799 3689 968 3757; x_wconf 77' lang='lat' dir='ltr'><strong>diversum</strong></span> <span class='ocrx_word' id='word_1_259' title='bbox 986 3691 1125 3757; x_wconf 89' lang='lat' dir='ltr'><strong>censeri.</strong></span> <span class='ocrx_word' id='word_1_260' title='bbox 1171 3689 1211 3755; x_wconf 84' lang='lat' dir='ltr'><strong>In</strong></span> <span class='ocrx_word' id='word_1_261' title='bbox 1232 3688 1294 3756; x_wconf 90' lang='lat' dir='ltr'><strong>illo</strong></span> 
     </span>
     <span class='ocr_line' id='line_1_34' title="bbox 249 3793 1292 3889; baseline -0.005 -27"><span class='ocrx_word' id='word_1_262' title='bbox 249 3793 343 3864; x_wconf 82' lang='lat' dir='ltr'><strong>enim</strong></span> <span class='ocrx_word' id='word_1_263' title='bbox 363 3796 541 3889; x_wconf 81' lang='lat' dir='ltr'><strong>scripserat</strong></span> <span class='ocrx_word' id='word_1_264' title='bbox 555 3793 813 3862; x_wconf 88' lang='lat' dir='ltr'><strong>Demosthenes:</strong></span> <span class='ocrx_word' id='word_1_265' title='bbox 836 3795 957 3861; x_wconf 78' lang='grc' dir='ltr'><strong><em>ἀπιέναι</em></strong></span> <span class='ocrx_word' id='word_1_266' title='bbox 979 3793 1054 3874; x_wconf 75' lang='grc' dir='ltr'><strong><em>τοὺς</em></strong></span> <span class='ocrx_word' id='word_1_267' title='bbox 1074 3793 1221 3881; x_wconf 79' lang='grc' dir='ltr'><strong><em>πρέσβεις</em></strong></span> <span class='ocrx_word' id='word_1_268' title='bbox 1237 3793 1292 3877; x_wconf 84' lang='grc' dir='ltr'><strong><em>τὴν</em></strong></span> 
     </span>
     <span class='ocr_line' id='line_1_35' title="bbox 247 3894 1294 3985; baseline -0.001 -23"><span class='ocrx_word' id='word_1_269' title='bbox 247 3898 408 3984; x_wconf 76' lang='grc' dir='ltr'><strong><em>ταχίστην,</em></strong></span> <span class='ocrx_word' id='word_1_270' title='bbox 432 3898 489 3966; x_wconf 84' lang='grc' dir='ltr'><strong><em>τὸν</em></strong></span> <span class='ocrx_word' id='word_1_271' title='bbox 509 3899 544 3964; x_wconf 77' lang='grc' dir='ltr'><strong>δέ</strong></span> <span class='ocrx_word' id='word_1_272' title='bbox 567 3897 785 3985; x_wconf 80' lang='grc' dir='ltr'><strong><em>στρατηγὸν</em></strong></span> <span class='ocrx_word' id='word_1_273' title='bbox 806 3897 1003 3984; x_wconf 84' lang='grc' dir='ltr'><strong><em>Πρόξενον</em></strong></span> <span class='ocrx_word' id='word_1_274' title='bbox 1023 3899 1158 3982; x_wconf 86' lang='grc' dir='ltr'><strong><em>κομίζειν</em></strong></span> <span class='ocrx_word' id='word_1_275' title='bbox 1180 3894 1294 3972; x_wconf 73' lang='grc' dir='ltr'><strong><em>αὖτοὺς</em></strong></span> 
     </span>
     <span class='ocr_line' id='line_1_36' title="bbox 248 3998 1294 4100; baseline -0.005 -29"><span class='ocrx_word' id='word_1_276' title='bbox 248 4002 297 4100; x_wconf 61' lang='lat' dir='ltr'><strong>ini</strong></span> <span class='ocrx_word' id='word_1_277' title='bbox 326 4001 399 4078; x_wconf 67' lang='grc' dir='ltr'><strong><em>τοὺς</em></strong></span> <span class='ocrx_word' id='word_1_278' title='bbox 420 3999 536 4078; x_wconf 79' lang='grc' dir='ltr'><strong><em>τόπους</em></strong></span> <span class='ocrx_word' id='word_1_279' title='bbox 559 4003 590 4068; x_wconf 78' lang='grc' dir='ltr'><strong>έν</strong></span> <span class='ocrx_word' id='word_1_280' title='bbox 613 3998 660 4077; x_wconf 78' lang='grc' dir='ltr'><strong>οἷς</strong></span> <span class='ocrx_word' id='word_1_281' title='bbox 683 4001 722 4067; x_wconf 75' lang='grc' dir='ltr'><strong>ἂν</strong></span> <span class='ocrx_word' id='word_1_282' title='bbox 744 3999 820 4068; x_wconf 75' lang='grc' dir='ltr'><strong><em>ὄντα</em></strong></span> <span class='ocrx_word' id='word_1_283' title='bbox 846 4003 1002 4068; x_wconf 81' lang='grc' dir='ltr'><strong><em>Φίλιππον</em></strong></span> <span class='ocrx_word' id='word_1_284' title='bbox 1022 3998 1234 4085; x_wconf 74' lang='grc' dir='ltr'><strong><em>πυνθάνηται,</em></strong></span> <span class='ocrx_word' id='word_1_285' title='bbox 1258 4000 1294 4066; x_wconf 88' lang='lat' dir='ltr'><strong>in</strong></span> 
     </span>
    </p>
   </div>
   <div class='ocr_carea' id='block_1_5' title="bbox 248 4102 1294 4257">
    <p class='ocr_par' dir='ltr' id='par_1_5' title="bbox 248 4102 1294 4257">
     <span class='ocr_line' id='line_1_37' title="bbox 248 4102 1294 4196; baseline -0.005 -21"><span class='ocrx_word' id='word_1_286' title='bbox 248 4123 361 4175; x_wconf 80' lang='lat' dir='ltr'><strong>nosue</strong></span> <span class='ocrx_word' id='word_1_287' title='bbox 393 4122 503 4172; x_wconf 84' lang='lat' dir='ltr'><strong>autem</strong></span> <span class='ocrx_word' id='word_1_288' title='bbox 525 4103 659 4173; x_wconf 88' lang='lat' dir='ltr'><strong>decreto</strong></span> <span class='ocrx_word' id='word_1_289' title='bbox 682 4105 824 4174; x_wconf 84' lang='lat' dir='ltr'><strong>Proxeni</strong></span> <span class='ocrx_word' id='word_1_290' title='bbox 846 4107 1057 4196; x_wconf 87' lang='lat' dir='ltr'><strong>imperatoris</strong></span> <span class='ocrx_word' id='word_1_291' title='bbox 1078 4102 1172 4172; x_wconf 87' lang='lat' dir='ltr'><strong>nulla</strong></span> <span class='ocrx_word' id='word_1_292' title='bbox 1194 4127 1294 4196; x_wconf 88' lang='lat' dir='ltr'><strong>pror-</strong></span> 
     </span>
     <span class='ocr_line' id='line_1_38' title="bbox 256 4211 934 4257; baseline -0.001 -32"><span class='ocrx_word' id='word_1_293' title='bbox 256 4211 263 4257; x_wconf 65' lang='grc'><strong><em>,</em></strong></span> <span class='ocrx_word' id='word_1_294' title='bbox 925 4219 934 4224; x_wconf 86' lang='grc'>.</span> 
     </span>
    </p>
   </div>
   <div class='ocr_carea' id='block_1_6' title="bbox 0 0 1352 4784">
    <p class='ocr_par' dir='ltr' id='par_1_6' title="bbox 0 0 1352 4784">
     <span class='ocr_line' id='line_1_39' title="bbox 0 0 1352 4784; baseline 0 5"><span class='ocrx_word' id='word_1_295' title='bbox 0 0 1352 4784; x_wconf 95' lang='lat' dir='ltr'><strong> </strong></span> 
     </span>
    </p>
   </div>
  </div>
 </body>
</html>
