2694 4784
649 327 653 332 ·
650 293 769 364 120
807 317 814 336 ι

210 464 268 556 qui
295 459 336 527 ad
360 459 456 523 Dum
480 457 624 550 Olynth
648 457 719 535 ΙΙΙ,
752 482 787 549 p.
821 477 863 544 29
893 453 1078 534 adnotavit,
1107 453 1256 520 Maema-

210 567 392 634 cterionem
417 586 566 630 mensem
588 559 767 635 hiemalem
790 583 869 626 esse.
913 553 1030 625 Altera'
1044 581 1121 625 vcro
1136 581 1255 624 manus

210 668 306 736 eius
314 664 406 732 haud
439 663 541 732 dubie
570 662 769 732 homunculi
797 681 863 745 est,
898 663 958 756 qui
985 661 1227 783 plerumque
1216 685 1256 728 m

211 771 388 842 Scholiis
379 771 450 838 ustis
474 769 696 836 alucinatur

264 877 371 966 Ego
393 897 471 942 vero
505 876 567 942 ista
590 862 726 940 uberius
747 888 941 966 persecutus
963 895 1055 954 sum,
1085 895 1130 936 ne
1159 847 1256 989 quid,

211 978 301 1046 unde
334 978 577 1072 depravationis
608 977 781 1070 explicatio
809 977 880 1072 peti
909 978 1046 1072 possit,
1058 994 1257 1067 praeterint
1263 1029 1266 1036 .

212 1087 292 1152 sisse
315 1082 501 1150 insimulet.
547 1083 739 1150 Ceterum*
729 1082 796 1174 ipsi
818 1081 915 1164 mihi,
937 1079 1116 1174 Ulpiani
1097 1081 1168 1146 rstis
1185 1103 1258 1145 me-

187 1188 190 1193 ’
212 1187 432 1272 inmobilibus
455 1211 527 1286 non
547 1205 677 1272 tantum
699 1185 889 1267 tribuenti,
885 1183 996 1266 aliud,
1017 1165 1154 1252 sortasse
1175 1207 1258 1277 pro-

211 1291 403 1372 babillus,
393 1315 438 1360 ιιι
459 1280 655 1384 opinionem
676 1307 820 1357 venerat
865 1289 1014 1362 Potuisse
1037 1289 1128 1355 enim
1149 1289 1259 1381 suspi-

214 1397 312 1464 caber
335 1394 483 1488 aliquem
504 1413 694 1489 temporum
724 1396 827 1465 iustae
850 1393 992 1463 rationis
1009 1417 1091 1460 non
1106 1409 1259 1460 accurate

198 1519 356 1592 'guarum
375 1499 485 1568 verbis
508 1497 635 1567 decreti
665 1499 682 1567 I
710 1499 802 1594 tuoe
829 1492 914 1582 iit(
895 1527 916 1586 η
949 1497 1054 1586 εἰρήνη
1076 1499 1259 1587 ἐπιτελεσθῇ

212 1603 233 1692 ἦ
257 1607 561 1692 ἐπιχειροτονηθεῖσα
588 1605 629 1673 ἓν
649 1610 695 1694 τῇ
722 1603 853 1694 πρώτῃ
874 1602 1060 1694 ἐκκλησίᾳ
1082 1603 1119 1666 ἰιι
1141 1600 1260 1669 selsam

215 1705 379 1776 eiusmodi
402 1708 599 1800 opinionem
622 1705 746 1790 delabi,
778 1725 817 1774 ut
842 1707 1040 1774 concionem
1061 1704 1156 1773 illam
1177 1707 1259 1772 enni

215 1813 316 1879 fuisse
339 1813 486 1904 primam
507 1810 668 1893 crederet,
693 1835 799 1904 eoque
822 1807 1028 1903 deceptusin
1049 1809 1270 1904 hocprimo,

194 1915 388 2010 alteroque
411 1915 559 1998 decreto,
582 1914 814 2014 Callisthenis,
845 1935 908 2007 pro
930 1937 988 1982 sua
1007 1926 1122 1980 rerum
1144 1918 1260 2006 cogni-
1334 1993 1335 1996 Ἴ

217 2022 308 2087 tione
340 2037 491 2111 tempora
522 2019 731 2086 emendanda
760 2043 829 2110 esse
862 2035 1027 2109 statueret.
1068 2020 1189 2106 Quem
1211 2037 1260 2085 ta·
1334 2007 1335 2052 3

216 2148 295 2190 men
317 2142 451 2214 praeter
473 2149 579 2190 unum
600 2121 698 2190 illum
720 2145 868 2190 errorem
890 2124 928 2188 in
951 2121 1080 2216 duplici
1103 2121 1164 2189 alia
1186 2123 1259 2215 opi-

217 2231 321 2294 nione
344 2251 481 2294 erronea
503 2229 669 2296 vers'atum
690 2225 903 2294 statuendum
925 2245 990 2296 est:
1014 2226 1124 2310 altera,
1153 2226 1258 2293 unde·
1334 2231 1335 2236 ’

218 2335 355 2414 cimum,
377 2333 572 2400 vicesimum
599 2357 638 2398 ac
666 2334 875 2415 tricesimum
899 2333 1021 2398 mensis
1044 2332 1134 2397 diem
1157 2333 1257 2400 comi-

218 2435 333 2503 tialem
355 2435 455 2503 fuisse
463 2487 474 2518 ,
505 2462 607 2528 quam
635 2439 708 2529 ipse
740 2452 832 2503 tenet
852 2433 1018 2527 Ulpianus
1047 2439 1090 2526 (v.
1123 2435 1268 2504 ὃοΙιὸιιι.Ι

218 2539 260 2605 de
284 2541 395 2609 comit.
425 2564 459 2633 p.
481 2539 557 2630 43),
580 2540 684 2608 altera
715 2540 798 2608 olim
827 2539 928 2606 etiam
949 2539 1088 2632 vulgari,
1112 2542 1260 2608 Maema-
1334 2549 1335 2574 Ι

219 2645 404 2710 eterionem
424 2668 574 2712 mensem
595 2646 837 2736 Pyanepsione
856 2644 1005 2736 priorem
1035 2669 1113 2711 esse.
1161 2644 1263 2728 Quod

218 2749 246 2812 si
269 2762 449 2830 statuatur,
478 2749 605 2842 optime
631 2749 699 2815 iam
728 2772 819 2814 nunc
842 2748 1017 2816 conveniet
1044 2748 1262 2840 Taylorianus

218 2849 279 2916 ille
300 2848 466 2932 calculus,
498 2875 601 2944 quem
630 2875 731 2946 supra
754 2852 972 2943 exposuimus.
1017 2855 1153 2920 Etenim
1173 2856 1263 2921 inter
1294 2924 1297 2932 ,

219 2951 312 3021 diem
339 2955 390 3022 111
424 2955 665 3047 Munychionis
688 2975 721 3024 et
735 2956 878 3024 ‘XXVII
900 2953 1168 3049 Seirophorionis
1191 2957 1263 3026 dies
1334 2947 1335 2960 ¹

218 3061 387 3158 intersunt
413 3059 612 3146 LXXXIII3
650 3061 739 3128 inter
774 3059 1069 3129 Hecatombaeonis
1105 3061 1265 3130 ultimum

220 3181 254 3236 et
275 3164 567 3232 Maemacterionis
591 3163 675 3232 XXI
704 3167 850 3257 spa-tium
872 3161 1004 3231 dierum
1031 3183 1080 3233 est
1103 3168 1264 3252 LXXXI,

219 3269 361 3336 minimo
384 3292 472 3351 sane,
494 3269 548 3344 vel
564 3270 676 3362 potius
690 3269 728 3337 in
744 3269 803 3338 tali
826 3293 941 3338 rerum
957 3270 1151 3394 conditione
1166 3272 1263 3341 nullo

221 3371 425 3440 discrimine.

307 3476 500 3569 Antequam
521 3495 634 3548 tamen
657 3475 916 3572 disputationem
938 3481 1024 3547 hane
1047 3482 1265 3567 absolvamus,

209 3577 434 3664 'redeundum
456 3580 565 3650 adhuc
587 3582 710 3652 eritad
721 3585 849 3673 πρώτην
869 3583 960 3652 illam
976 3587 1151 3673 ἐκκλησίαν,
1173 3613 1265 3680 ¹quae
1288 3655 1296 3660 ,

222 3684 265 3752 de
288 3683 422 3753 decreto
446 3687 461 3753 Ι
482 3711 639 3778 magnam
660 3711 735 3756 eum
764 3690 859 3755 nobis
882 3689 1125 3760 dubitationem
1148 3695 1267 3762 excita·
1334 3735 1335 3740 κ

221 3791 288 3871 vit,
318 3806 433 3857 utrum
463 3813 501 3856 re
531 3814 606 3858 vera
636 3815 673 3858 ex
702 3795 928 3861 monumentis
957 3794 1102 3885 publicis
1131 3795 1265 3864 desum-

220 3911 337 3984 ptum,
360 3918 403 3960 an
426 3919 445 3960 a
466 3885 692 3964 Demosthene
715 3921 754 3961 ex
770 3900 1003 3972 ‘memoriasit
1026 3905 1263 3994 couscriptum.

223 3995 368 4081 Quelde
401 4021 439 4064 re
468 4023 561 4072 nunc
597 4001 663 4066 iam
693 4001 778 4066 nihil
819 3999 909 4068 aliud
945 4001 1157 4071 stathen'dum
1191 4009 1269 4089 erit,
1334 4081 1335 4092 ,

222 4125 324 4194 quem
345 4101 618 4187 Demosthenem,
642 4129 746 4198 quum
763 4107 1002 4198 lliunycltionis
1026 4109 1073 4176 ΙΙΙ
1097 4109 1270 4180 decretum

496 4367 506 4398 Ι
