2750 4772
544 330 610 406 169

69 490 127 575 tem
147 503 214 572 ‚illu
240 503 394 598 Philippi
423 502 663 572 moliminu'in
692 526 816 570 annum
847 502 986 598 Olymp.
1019 503 1099 572 clx
1141 529 1144 534 ·

66 613 206 706 primum
230 601 433 679 conferenda
455 627 542 676 sunt.
586 609 734 676 Primam
757 609 848 676 enim
869 633 986 677 corum
1004 632 1100 678 men-

66 717 184 782 tionem
206 713 448 782 Demosthenes
477 713 557 780 lacit
582 712 622 778 ln
650 730 732 780 orat.
763 741 796 780 π.
823 739 979 802 nuperae,
1012 739 1099 807 quae

66 817 196 912 Olymp.
221 819 300 885 CIX
323 846 352 886 a.
375 842 395 885 n
417 819 581 884 nimirum
599 818 737 883 ineunte
757 816 870 884 hahita
885 835 948 901 est3
972 820 1099 912 quippe

65 947 224 1016 nusquam
246 925 284 990 in
307 947 346 990 ea
368 939 480 993 orator
501 921 716 988 Ambraciam
738 919 891 1014 Philippi
914 921 1100 1014 expeditio·

64 1051 135 1092 nem
159 1044 405 1117 commemorat,
428 1024 622 1094 Thessalam
643 1043 836 1120 tangensp.
859 1025 935 1112 424,
960 1026 1099 1119 Olymp.

66 1131 139 1196 CIX
174 1139 207 1196 a!
238 1157 248 1198 ι
287 1131 399 1200 medio
441 1149 499 1199 ant
529 1147 671 1230 exeupte
700 1148 886 1222 susceptam
916 1129 1033 1220 (Diod.
1064 1130 1099 1197 S.

64 1235 152 1316 XVI,
175 1235 229 1326 69.
276 1236 326 1303 Cf.
351 1260 424 1329 cap.
446 1237 480 1304 h.
504 1259 554 1302 nr.
578 1231 675 1327 slep).
721 1235 837 1325 quue
860 1253 1008 1327 tempore
1017 1235 1101 1304 Phi·
1127 1275 1130 1283 ·

62 1337 170 1433 lippus
199 1341 242 1406 ad
270 1340 520 1435 componendas
552 1339 724 1409 intestinas
751 1340 995 1408 Eretriensium
1010 1357 1101 1408 xtur-

62 1443 115 1509 has
148 1447 371 1513 mercenarios
400 1447 527 1512 misisse
549 1441 705 1525 videtur.
727 1444 961 1529 Porthmum*)
989 1461 1026 1510 et·
1044 1449 1102 1510 ur-

62 1547 134 1614 bem
158 1567 395 1642 occupaturos:
423 1553 474 1616 καὶ
495 1550 559 1638 μὴν
580 1547 689 1625 ὁσάκις
709 1547 789 1636 πρὸς
809 1553 959 1640 Πορθμῷ
979 1548 1000 1634 ἢ
1022 1548 1102 1636 πρὸς
1146 1586 1147 1590 =

62 1653 224 1746 Μεγάροις
249 1654 414 1732 ἀκούοντες
445 1656 576 1740 δύναμιν
600 1655 757 1722 Φιλίππου
786 1655 836 1720 καὶ
858 1653 964 1731 ξένους
984 1653 1101 1739 ἔθορο-

61 1763 176 1837 βεῖσῧε.
208 1760 305 1825 Dent.
338 1787 371 1826 π.
400 1785 539 1847 παροπρ.
567 1784 601 1852 p.
626 1758 700 1826 368.
744 1758 858 1850 Atque
880 1757 917 1825 in
939 1779 988 1824 or.
1011 1754 1101 1823 Phil.
1140 1749 1143 1768 ⁸
1169 1756 1171 1764 ’

64 1861 118 1943 lV,
141 1885 231 1954 quae
252 1887 350 1931 verae
373 1866 531 1950 orationis¹
545 1862 821 1931 Demosthenicae
842 1879 953 1953 partes
971 1859 1110 1954 aliquae
1134 1904 1138 1911 -

62 1969 220 2048 continet,
243 1965 463 2034 sedulianum
485 1969 676 2036 orationum
693 1965 825 2034 laciniis
847 1966 1101 2048 consarcinatae,

61 2094 91 2161 p.
119 2073 179 2142 133
209 2090 321 2146 orator
349 2071 549 2140 Porthmum
578 2071 728 2139 dirutum
749 2071 966 2164 Eretriaeque
989 2089 1107 2164 tyran*

62 2197 139 2242 num
169 2177 378 2271 praesectum
406 2194 482 2245 ante
512 2195 671 2245 tentatam
697 2177 912 2266 Megarorum
935 2200 1103 2268 expugna-

64 2281 187 2348 tionem
217 2282 406 2364 constituit,
434 2299 549 2375 postea
582 2282 709 2349 Oreum
741 2298 875 2372 captum
903 2279 1014 2346 refert.
1042 2283 1103 2348 ·Et

64 2386 275 2476 confirmare
292 2411 369 2453 eum
397 2409 512 2452 rernm
539 2385 693 2454 ordinem
715 2386 788 2476 ipsa
809 2387 910 2451 etiam
932 2386 1041 2452 oratio
1060 2383 1103 2450 de
1190 2457 1194 2478 Ι

63 2513 101 2555 m.
124 2515 154 2582 g.
180 2490 247 2582 leg.
270 2488 419 2572 videtur,-
435 2491 471 2556 in
495 2511 560 2581 qua
583 2488 733 2556 Euboica
755 2486 907 2581 Philippi
929 2486 1103 2556 molimina

64 2593 186 2688 ubique
211 2619 287 2662 cum
308 2611 432 2662 tentata
447 2595 661 2687 Megarorum
683 2593 901 2685 occupatione
924 2594 1104 2660 coniuncta
1234 2625 1238 2640 ›

63 2714 254 2766 occurrunt.
286 2700 341 2766 ·V.
363 2698 401 2766 ll.
424 2723 449 2766 s.
473 2721 521 2766 cc.
544 2699 731 2799 etmaxime
753 2713 833 2765 orat.
856 2696 955 2764 huius
973 2721 1007 2789 p.
1021 2697 1103 2783 448:

62 2807 104 2881 τίς
125 2805 154 2870 δ’
177 2805 325 2888 Ἐὔβοιον
350 2803 517 2893 ἀλλοτρίαν
547 2803 742 2896 [πεποίηκε],·
767 2805 814 2880 τίς
836 2803 978 2890 Μέγαρα,
995 2801 1105 2894 πρῴην
1129 2875 1132 2884 ,
1176 2836 1177 2844 ¹

62 2907 180 2997 ὀλίγους
229 2907 330 2975 Unde
363 2907 520 2988 concludi
540 2931 638 3002 posse
659 2905 805 2990 videtin,
838 2906 992 2974 Porthmi
1013 2930 1105 2975 moe·
1221 2959 1224 2965 .

62 3015 112 3079 nia
135 3013 250 3081 diruta
273 3014 340 3080 iam
362 3037 431 3080 esse
454 3012 593 3108 Olymp.
617 3012 717 3094 CIX,
750 3009 1106 3108 1,quofactossimul
1160 3055 1163 3060 -
1196 3004 1200 3011 ¹
1240 3029 1243 3037 ·

63 3120 159 3186 etiam
185 3117 374 3186 Clitarchus
404 3141 464 3184 sua
490 3139 568 3184 cum
588 3115 735 3185 factione
757 3140 886 3184 summa
907 3139 1023 3184 rerum
1044 3138 1106 3207 po*
1220 3167 1221 3172 .

62 3223 137 3290 titus
161 3224 218 3290 sit.
265 3218 304 3287 Id
327 3221 419 3317 quod
442 3245 480 3289 eo
504 3224 605 3289 etiam
621 3220 796 3315 probabile
818 3221 868 3302 fit,
890 3219 985 3312 quod
1006 3221 1044 3286 in
1055 3243 1105 3288 or.

61 3325 144 3392 Phil.
170 3327 233 3408 111,
258 3326 397 3418 Olymp.
421 3326 525 3418 igitur
548 3326 639 3407 CIX,
662 3327 693 3407 3,
716 3349 751 3416 p.
779 3329 837 3393 125
860 3324 1107 3392 Demosthenes

60 3427 109 3496 his
132 3433 206 3498 iam
228 3429 416 3498 libertatem
438 3454 639 3523 recuperare
669 3447 803 3498 conatos
825 3429 1031 3496 Eretrienses
1054 3428 1108 3495 di-

62 3535 105 3598 cit
128 3559 220 3615 esse,
249 3533 302 3616 his
335 3551 446 3604 tamen
476 3533 610 3606 cosdem
640 3534 840 3632 aPhilippo
868 3533 1044 3628 depulsos..
1064 3569 1107 3588 -··

61 3765 377 3788 m

46 3956 48 3958 .
102 3902 130 3988 ')
172 3905 382 3972 Porthmum
416 3907 627 3990 Harpocration
660 3907 801 3970 Euhoet‘te
839 3902 981 3988 oppidum
1017 3918 1109 3966 vocat.

146 3993 284 4054 Eretriae
305 3994 452 4054 castellum
474 3995 561 4056 faisse
583 3995 731 4058 manifesto
754 3994 840 4054 docet
861 3992 988 4074 Philipp.
1006 3989 1055 4050 ΠΙ.
1079 4013 1109 4072 p.

130 4089 133 4095 '
152 4081 218 4138 ¹25
232 4095 259 4138 et
272 4103 313 4140 or.
326 4079 364 4140 de
376 4103 435 4141 cor.
447 4105 477 4163 p.
492 4081 552 4151 248
572 4081 673 4142 verbu:
696 4077 922 4142 κατασκάπτων
931 4071 1108 4155 Πορθμόν·

147 4168 287 4230 nimirum
300 4169 424 4230 adnare
437 4171 521 4232 titum
544 4172 571 4230 in
595 4171 720 4252 ipsoque
744 4170 872 4246 traiectu¹
894 4166 974 4228 unde
996 4185 1110 4232 nomeu.
