2740 4774
673 223 829 382 ,ες

209 439 434 512 detrimenti.
488 445 656 513 Conatum
689 467 725 512 se
753 446 883 538 saepius
917 443 977 512 ille
1010 441 1199 529 contendit,
1237 463 1274 514 nt

225 549 487 616 Demosthenem
509 575 527 614 a
555 551 607 615 rei
634 547 791 642 publicae
830 566 997 618 amoveret
1026 549 1272 641 gubernaculis,

229 653 290 721 sed
312 653 470 721 obrutum
495 652 729 720 Demosthenis
752 651 928 720 calumniis
955 676 1025 722 non
1052 657 1200 746 potuisse
1222 681 1274 722 sa·

228 757 390 828 lutaribus
420 761 492 822 re'm
520 752 695 848 publicam
722 753 878 823 adiuvare
912 757 1069 834 consiliis,
1115 759 1274 852 Exempli

230 864 333 954 gratia
355 860 468 941 affert,
498 859 605 952 quod,
641 884 747 952 quum
780 861 853 952 ipse
882 865 1066 948 εἳςογγελίαν
1096 864 1127 928 ei
1159 866 1273 930 inten-

229 967 309 1034 dere
336 963 452 1044 vellet,
489 964 730 1031 Demosthenes
764 965 956 1031 Anaxinum
992 967 1273 1058 comprehensum
1348 991 1349 998 ¹

216 1069 399 1164 xsupplicio
422 1065 628 1149 tradidisset,
658 1093 697 1134 ac
718 1068 746 1134 si
767 1067 829 1136 illo
859 1069 1060 1162 denunciato
1086 1077 1272 1164 uocatoque

230 1176 434 1261 εἲςαγγελίαν,
472 1197 557 1264 quae
597 1171 663 1238 sihi
692 1173 898 1253 immineret,
937 1173 1082 1266 effugere
1114 1176 1270 1244 voluerit.

230 1281 324 1364 Quae
347 1301 454 1370 quum
476 1277 522 1342 ita
544 1277 624 1356 sint,
646 1274 741 1357 illud,
764 1277 856 1367 quod
879 1277 921 1343 de
935 1275 1081 1346 Anaxini
1103 1297 1191 1347 sorte
1205 1280 1275 1346 Ae·

195 1402 200 1414 ’
230 1385 361 1452 schines
383 1396 512 1460 narrat,
545 1366 600 1445 vix
630 1379 674 1445 ad
701 1379 801 1446 aliam
822 1405 895 1449 rem
920 1382 1039 1450 referri
1059 1404 1156 1478 posse
1178 1381 1273 1448 vide-

231 1507 305 1569 tur,
327 1510 430 1579 quam
458 1485 551 1550 cuius
578 1484 820 1564 Demosthenes
849 1487 887 1550 in
924 1509 973 1552 or·
1002 1486 1044 1554 de
1072 1510 1140 1554 cor.
1176 1511 1272 1553 men-

232 1595 360 1660 tionem
381 1589 460 1657 lacit
481 1604 515 1654 et
536 1589 580 1654 ad
603 1590 957 1681 quamtestimoninm,
979 1589 1023 1658 de
1045 1614 1112 1683 quo
1135 1592 1272 1681 agimus,

231 1698 394 1791 pertinet,
417 1693 546 1759 etiamsi
567 1692 604 1759 τὸ
626 1700 802 1761 τελευταῖον
826 1696 993 1761 recentius
1021 1695 1154 1761 factum·
1167 1698 1273 1787 signi·

230 1802 332 1868 ficare
353 1797 517 1881 videatur3
551 1795 609 1864 sed
625 1788 740 1864 ἀὐτὸ
770 1805 945 1864 τελευταῖον
977 1797 1062 1864 nihil
1089 1816 1154 1878 est,
1186 1801 1271 1876 nisi:

230 1928 346 1973 nonne
368 1921 405 1970 tu
426 1900 583 1968 tandem?
611 1901 676 1967 hoc
698 1917 763 1967 est:
792 1926 905 1969 nonne
935 1919 972 1969 tu
993 1927 1032 1970 eo
1055 1899 1191 1970 tandem'
1213 1927 1273 1969 an·
1348 1891 1349 1898 ἵ

232 2011 345 2094 daciae
368 2025 402 2074 et
421 2003 651 2097 impudentiae
671 2007 874 2097 processisti,
895 2022 933 2072 nt
955 2032 1062 2099 quum
1083 2007 1146 2074 tibi
1171 2011 1272 2094 εῖςαγ-

195 2201 199 2210 *
228 2115 315 2203 pello
344 2138 363 2178 a
390 2134 445 2176 me
466 2109 673 2190 immineret,
694 2108 901 2191 Anaxinum,
924 2113 1069 2178 amicum
1099 2109 1272 2204 quondam

229 2239 325 2287 tuum
353 2211 641 2306 comprehendere
676 2236 863 2304 necareque
894 2217 1044 2296 iusseris,
1075 2215 1203 2283 scilicet
1232 2233 1272 2283 ut

230 2326 277 2391 ita
298 2345 363 2400 me,
386 2320 447 2412 qui
468 2342 547 2385 cum
568 2339 607 2385 eo
622 2315 804 2384 collocutus
816 2342 919 2400 eram,
941 2317 1117 2386 calumniis
1129 2320 1273 2388 obruere

230 2445 265 2494 et
275 2425 513 2503 denunciatum
524 2425 562 2488 in
572 2423 797 2514 suspicionem
807 2445 919 2515 posses
932 2447 1059 2492 vocare.
1086 2425 1177 2492 Haec
1192 2449 1273 2493 con·
1348 2409 1349 2420 ἵ

231 2517 367 2598 lirrhant
394 2528 567 2619 sequentia
596 2527 773 2594 Aeschinis
800 2527 916 2594 verba:
946 2529 1109 2607 ἐπιστολὰς
1134 2531 1169 2596 δὲ
1194 2537 1272 2616 σιγῶ

164 2678 167 2682 -
229 2639 356 2720 ψευδεῖς
376 2635 427 2699 καὶ
448 2630 710 2714 κατασκόπων,
730 2632 943 2718 συλλήψεις
969 2635 1019 2699 καὶ
1046 2632 1205 2715 βασάνους
1225 2636 1271 2700 ἐπ’

230 2742 344 2814 αἰτίαις
365 2735 540 2822 ἀγενήτοις,
576 2733 625 2812 ὡς
646 2739 736 2818 ἐμοῦ
763 2735 863 2820 μετά
883 2762 1003 2803 τινων
1023 2741 1272 2824 νεωτερίζειν

229 2836 484 2927 βουλομένου.
530 2840 638 2923 Quam
661 2839 705 2904 ob
726 2841 871 2906 rem·vir
893 2842 959 2906 iam
982 2840 1171 2908 addubitari
1193 2860 1271 2934 pot·
1348 2851 1349 2862 ¹

231 2937 516 3028 est'Aeschi-nem
537 2943 706 3026 continuo,
729 2929 906 3037 postduam
926 2946 1097 3012 Anaxinus
1119 2970 1272 3038 compre-

228 3052 352 3118 hensus
371 3067 455 3116 esset
476 3047 728 3140 damnatusque,
751 3046 1270 3132 denunciatumaDemosthene,

230 3174 305 3224 tum
335 3155 437 3220 etiam
464 3150 578 3219 datum
607 3153 835 3221 testimonium
869 3177 937 3220 esse
966 3153 1009 3219 de
1041 3155 1112 3220 eius
1134 3154 1271 3222 clande-

136 3275 140 3280 '
230 3260 327 3328 stinis
356 3281 434 3324 eum
461 3257 613 3322 Anaxino
636 3255 830 3348 colloquiis,
852 3255 890 3323 id
913 3257 1005 3349 quod
1027 3275 1271 3351 extemporum

230 3364 358 3432 ratione
384 3384 490 3451 supra¹
515 3362 666 3453 exposita,
687 3359 765 3426 fieri·
792 3362 930 3429 omnino
957 3363 1068 3453 potuit
1096 3361 1152 3430 Ol.
1176 3363 1268 3446 CIX,

230 3469 429 3553 dioecete,
455 3465 617 3532 'archonte
646 3462 862 3532 Nicomacho.
916 3468 987 3533 Iam
1015 3467 1094 3532 vero
1113 3468 1270 3537 ¹testimo-

181 3631 182 3642 ,
230 3573 289 3640 nio
311 3569 495 3661 subscripta
516 3569 600 3660 legis
620 3569 734 3637 verba:
768 3561 859 3636 adrat
889 3570 1092 3654 ἀπεδόθησαν
1121 3573 1155 3637 αἱ
1182 3599 1268 3661 μαρ-

218 3679 334 3764 τυρίαι
351 3671 425 3743 Ιἐστὶ
465 3677 617 3757 Νικίου,
656 3671 928 3758 Ἑκατομβαιῶνος
962 3677 1051 3764 τρίτῃ
1090 3675 1266 3760 ἱσταμένου.

231 3779 333 3855 Unde
354 3780 391 3845 in
413 3778 509 3846 Nicia
531 3778 596 3844 hoc
623 3771 695 3843 iure
723 3778 903 3846 contendas
925 3773 1041 3845 rerum
1062 3779 1165 3845 latere
1187 3803 1268 3871 epo-

230 3908 373 3976 nymum
394 3882 646 3952 Nicomachum.
691 3883 736 3949 Et
755 3885 873 3948 vitium
895 3883 932 3948 in
947 3884 1114 3950 archontis
1128 3886 1266 3952 nomine

232 3989 446 4056 commissum
477 4010 577 4054 nemo
606 4004 693 4053 certe
731 3990 880 4054 miretur.
929 3987 1075 4053 Pessime
1107 3989 1199 4052 enim
1233 4004 1266 4052 et

232 4091 429 4160 archontum
448 4093 586 4160 nomina
608 4109 641 4158 et
662 4090 725 4158 alia
746 4093 884 4160 nomina
905 4094 1044 4184 propria
1071 4115 1090 4156 a
1118 4091 1263 4158 librariis
