2694 4784
502 251 661 356 Α
789 193 794 211 ,

65 440 119 504 est,
141 441 220 513 quo
235 417 478 487 Demosthenes
505 411 722 511 redargutum
744 441 819 486 arse
840 417 1031 510 Pythonem
1051 442 1105 508 ref

62 527 132 606 lert,
155 522 195 592 id
217 521 310 618 quod
329 522 503 590 Anaxinns
525 520 713 616 explorator
733 540 848 615 postea
858 521 1000 592 Athenis
1013 546 1105 592 eom-

61 629 245 723 prehensus
280 627 474 696 manifesto·
497 626 598 696 docet
636 628 776 722 ipsaque
813 628 914 696 etiam
948 626 1104 721 Philippi
1209 665 1211 672 ι

12 805 13 822 γ
62 731 208 828 epistola,
229 751 267 801 ut
287 733 405 810 statim¹
421 731 689 802 monstrabimus.

143 839 217 906 Iam
239 835 387 930 denique
414 837 615 905 revertimur
646 833 690 904 ad
717 837 927 905 notissimam
949 835 1103 918 omnium

61 941 258 1034 legationem
273 941 405 1010 Thebas
427 941 573 1024 missam,
597 937 738 1034 Olymp.
756 939 830 1024 CX,
854 965 885 1023 a,
907 939 1003 1008 brevi
1025 957 1102 1006 ante

62 1071 157 1138 quam
188 1046 234 1114 ad
262 1045 492 1114 Chaeroneam
520 1062 709 1138 pugnatum
741 1061 800 1114 est.
849 1041 1003 1114 Aderant
1030 1063 1102 1112 tum

12 1131 13 1212 l
63 1151 186 1218 Thebis
208 1167 342 1245 praeter
353 1147 615 1218 Atheniensium
624 1149 759 1240 legatos,
782 1171 928 1240 quorum
941 1148 1102 1244 princeps

12 1263 14 1376 γ
62 1255 300 1324 Demosthenes
321 1252 403 1337 suit,
433 1252 584 1347 Philippi
606 1276 743 1347 quoque
764 1251 866 1344 legati
888 1251 1026 1347 eiusque
1048 1276 1102 1322 soe

63 1361 184 1428 ciorum
190 1410 202 1442 ‚
232 1349 485 1440 Thessalorum,
513 1359 723 1440 Aenianum,
750 1355 965 1439 Aetolorum,
995 1355 1102 1426 Dolo·-

60 1488 153 1556 pum,
187 1463 433 1540 Phthiotarum.
478 1461 520 1528 V.
548 1461 740 1552 Philochor.
774 1487 827 1555 ap.
858 1451 1000 1554 Dionys.
1024 1461 1114 1528 Hal.'

60 1579 83 1648 t.
108 1593 156 1636 ιο.
188 1569 289 1636 Dem.
317 1564 360 1634 de
392 1589 459 1635 cor.
488 1589 524 1658 p.
553 1569 617 1657 298
634 1591 702 1659 sq.
755 1565 804 1634 Ea
827 1589 982 1660 quoque,
1013 1585 1099 1657 quae

58 1671 148 1740 Dem.
171 1671 195 1740 l.
221 1696 250 1739 c.
274 1670 317 1737 de
338 1671 399 1738 ista
421 1669 588 1763 legatione
607 1667 720 1754 refert,
743 1671 869 1764 optime
891 1669 995 1738 adea
1017 1693 1101 1761 qua·
1138 1753 1141 1762 .

59 1775 159 1859 drant,
183 1799 272 1869 quae
294 1793 409 1843 nostro
431 1797 479 1844 or.
503 1773 546 1841 de
567 1797 636 1842 cor.
658 1772 734 1843 loeo
747 1779 987 1843 memorantur.
1030 1773 1100 1844 Ve-
1120 1808 1143 1862 fl

59 1905 128 1948 rum
149 1883 247 1950 enim
268 1903 346 1948 vero
369 1880 444 1973 ipsa
471 1877 530 1946 illa
558 1903 674 1947 rerum
702 1875 884 1946 similitudo
907 1876 1099 1947 Diodorum

59 2009 154 2080 aeque
177 1984 221 2075 et
235 1987 434 2076 interpretes
466 2007 506 2052 eo
528 1981 676 2066 abduxit,
699 2001 738 2052 ut
748 1983 937 2076 Pythonem
959 1973 1097 2066 exhor,

60 2088 102 2156 de·
117 2115 184 2184 quo
211 2091 362 2182 quaestio
385 2106 448 2170 est,
480 2111 528 2156 or.
552 2087 596 2156 de
626 2110 695 2157 eor.
724 2086 749 2154 l.
778 2087 911 2156 Thebas
941 2087 1116 2156 transfer-'

60 2213 141 2278 rent,
172 2213 210 2262 et
231 2195 319 2272 hanc
346 2193 527 2287 Pythonis,
558 2215 662 2286 quam
683 2191 825 2264 Athenis
849 2191 979 2274 obibat,
1006 2193 1098 2286 lega·
1219 2179 1221 2186 ’

60 2300 183 2368 tionem.
199 2323 279 2366 cum
300 2297 360 2366 illa
381 2285 533 2392 Philippi
555 2296 690 2364 Thebas
707 2296 811 2365 'missa
840 2295 1096 2370 confunderent.

60 2401 134 2472 lluic
155 2423 272 2472 tamen
293 2426 347 2480 ne¹
360 2401 500 2476 adfirisse
524 2398 665 2493 quidem
685 2401 876 2493 Pythonem
897 2401 1097 2470 Plutarchus
1147 2483 1148 2486 Ἴ

61 2509 227 2576 manifesto
246 2505 354 2589 docet,
378 2509 438 2599 qui
459 2507 509 2591 (in
530 2504 704 2572 Demosth.
727 2527 756 2572 c.
783 2507 834 2589 18)
856 2521 938 2584 teste
951 2506 1097 2598 Marsya,

60 2607 266 2680 historiarum
288 2610 414 2678 celebri
442 2611 606 2702 scriptore
632 2610 743 2692 nisus,
763 2610 947 2702 Amyntam
969 2627 1041 2686 ¹tum
1062 2627 1097 2685 ct
1131 2615 1134 2622 ’

60 2711 268 2800 Clearchum,
303 2712 521 2796 Macedones,
559 2713 735 2783 Daoehum
767 2731 801 2782 et
830 2713 1096 2808 Thrasydaeum,
1150 2780 1151 2787 ,
1224 2759 1227 2766 ·

60 2815 237 2903 Thessalos,
260 2820 394 2888 Thebas
416 2845 435 2889 a
456 2817 618 2914 Philippo
639 2817 764 2912 legatos
787 2841 857 2889 esse
878 2819 990 2888 refert
1087 2879 1092 2896 .,
1174 2837 1178 2846 ·

136 2925 306 2992 Omnium
335 2948 413 3016 ergo
441 2925 563 2992 harum
584 2922 793 3018 legationum
812 2923 906 2991 nulla
927 2943 987 3008 est,
1009 2947 1096 3016 quae

59 3029 154 3112 possit
185 3031 296 3122 aptius
327 3028 431 3096 adh.
463 3053 512 3098 or.
544 3025 587 3096 de
615 3053 684 3098 cor.
714 3028 991 3112 locumreferri,
1025 3029 1094 3111 illa,
1134 3117 1136 3122 Ι

60 3149 149 3216 quem
171 3131 312 3226 Olymp.
325 3133 429 3220 ¹(ilX,
456 3159 466 3202 ι
493 3133 644 3202 Athenas
654 3134 796 3206 missam
818 3121 888 3202 esse
910 3158 1011 3227 supra
1027 3132 1096 3208 ¹don

59 3233 187 3304 culmus.
239 3236 295 3304 Ad
326 3238 468 3309 eandem
496 3240 600 3330 igitur
632 3235 853 3308 hauddubie
885 3239 1094 3330 insiguiter

59 3338 185 3425 epistola
207 3340 294 3408 Phil.
317 3340 412 3409 locus
434 3345 591 3435 pertinet,
613 3343 673 3436 qui
690 3365 769 3409 cum
790 3367 827 3408 re
842 3359 955 3412 nostro
978 3368 1027 3413 or.
1049 3343 1092 3411 de
1235 3405 1238 3412 .

12 3508 13 3512 ,
59 3459 117 3506 cor.
139 3443 215 3514 loeo
238 3446 495 3518 aDemostheue
515 3445 619 3514 relata
642 3448 795 3541 apprime
808 3448 989 3540 conspirat:
1008 3447 1096 3548 γτάυᾲ,

57 3564 111 3609 των
137 3551 173 3615 δέ
191 3576 247 3634 μοι
267 3554 366 3635 δοκεῖ,
397 3549 553 3643 Philippi
573 3547 678 3618 verba·
704 3569 798 3633 sunt,
827 3549 1093 3640 παραλογώτατον
1198 3563 1199 3567 ’
1333 3551 1334 3554 '

58 3642 126 3715 εἶναι
146 3655 225 3721 διότι
247 3656 433 3740 πέμψαντος
461 3655 538 3741 ἐμοῦ
567 3656 714 3746 πρέσβεις
740 3655 803 3726 ἀπὸ
834 3661 892 3741 ’τῆς
913 3656 1093 3739 συμμαχίας
1190 3727 1192 3738 Α

58 3750 158 3839 πάσης,
179 3761 218 3826 ἵν’
240 3753 298 3848 αἷσι
316 3759 485 3846 μάρτυρες,
509 3761 560 3826 καὶ
580 3762 773 3844 βουλομένου
795 3758 990 3846 ποιήσασθαι
1011 3759 1093 3847 πρὸς
1169 3815 1171 3818 .

57 3846 129 3934 leeg
149 3864 269 3940 δικαίας
281 3859 449 3948 ὁμολογίας
461 3858 539 3952 indo
562 3870 625 3932 τῶν
642 3861 809 3951 Ἑλλήνων,
832 3863 905 3930 οὐδὲ
926 3862 1000 3942 τοὺς
1021 3867 1092 3952 περὶ,
1195 3885 1198 3891 ·

12 3966 13 4037 l
59 3957 165 4029 τουτων
191 3953 302 4054 λόγους
333 3969 483 4046 ἐδέξασθε
515 3967 602 4056 παρὰ
633 3975 699 4036 τῶν
734 3967 984 4056 πρεσβευόντων,
1021 3968 1090 4048 ἐξὸν

58 4051 121 4139 ὑμῖν
132 4067 160 4152 Ιἢ
182 4071 413 4172 adverterimus
434 4070 613 4174 ᾀτιαλλάξαί
631 4073 709 4152 τοὺς
736 4068 878 4160 δυςχερές
897 4069 1091 4147 ὑποπτεύετε
