2706 4782
386 1107 391 1116 -
481 1053 596 1132 Index
623 1059 805 1158 Capitum.

114 1393 413 1468 Prooemium
530 1448 540 1466 .
646 1449 655 1468 .
761 1452 770 1468 .
877 1395 1159 1492 ,μί-14.

114 1547 254 1641 Caput
275 1545 302 1614 L
346 1544 565 1638 Explicantur
585 1569 639 1612 rer
661 1526 829 1638 a'publica
844 1545 1080 1620 Demosthenis
1101 1543 1161 1612 sd-

155 1652 406 1720 ministratione
436 1649 567 1716 aliense
586 1653 831 1746 maximamque
857 1668 988 1742 partem
1009 1666 1086 1716 ante
1107 1674 1161 1717 se·

155 1775 263 1824 tatem
280 1751 506 1843 Philippicam
527 1769 653 1843 gestae:

145 1866 259 1920 Bellum
281 1861 464 1913 Deceleicum.
506 1859 675 1912 Athenarum
700 1861 823 1914 conditio
849 1862 945 1932 primis
967 1868 1032 1930 post
1055 1861 1160 1914 bellum

179 1947 447 2018 ramponem
469 1946 649 2015 uaporem
689 1949 781 2014 rugus
809 1947 844 2000 as
870 1948 1029 2000 usum
1070 1945 1158 2002 stuc⁸

181 2035 319 2090 niensium
335 2031 475 2100 expeditio
503 2033 687 2090 Corinthiam.
722 2035 800 2086 Fusis
825 2033 861 2086 ed
882 2035 1000 2088 Leuctra
1020 2033 1159 2088 lacedae-

182 2123 294 2186 moniis,
311 2118 449 2171 'l’hebania
469 2133 535 2171 rere
553 2119 589 2172 ad
605 2120 738 2174 Graeciae
756 2121 940 2190 principatum
957 2123 1073 2185 evectis,
1091 2138 1158 2190 quas

184 2219 277 2282 partes
300 2205 471 2258 obtinuerint
496 2204 685 2263 Athenienses.
720 2209 833 2276 Oropus
857 2207 923 2258 urbs
947 2207 1159 2261 Atheniensibus

184 2315 201 2350 e
223 2291 360 2348 Thebanis
388 2291 522 2349 fraudata.
565 2292 771 2347 Atheniensium
802 2295 832 2344 iu
857 2293 997 2348 Euboeam
1029 2293 1158 2347 adversus

185 2381 331 2434 Thebanos
352 2379 501 2450 expeditio.
545 2379 700 2434 TrIerarchi
725 2380 871 2432 voluntarii
894 2379 1008 2433 Athenis
1038 2381 1158 2450 primum

187 2468 306 2520 instituti·
341 2467 447 2519 Bellum
464 2467 578 2521 sociale.
671 2507 680 2522 .
750 2508 758 2522 .
827 2507 837 2523 .
905 2505 916 2523 .
984 2484 1011 2534 p.
1033 2467 1157 2526 15-36.

125 2601 253 2694 caput
273 2602 316 2668 n
363 2599 419 2668 ot
444 2601 516 2682 cv,
539 2603 559 2670 s
582 2638 627 2651 -
650 2602 774 2682 cv111,
803 2627 828 2669 t.

150 2709 286 2780 Philippus
303 2708 492 2780 Amphipolim
515 2717 545 2761 et
569 2709 691 2779 Pydnam
714 2708 924 2762 Atheniensibus
949 2711 1039 2780 eripit.
1080 2709 1156 2764 Poti-

183 2796 250 2849 daee
265 2795 379 2866 potitur·
415 2797 522 2848 bellum
546 2795 687 2849 Phocense
713 2796 872 2850 exardescit.
907 2795 1103 2850 Demosthenes
1120 2795 1156 2850 ad

181 2884 222 2936 rei
245 2883 373 2952 publicae
400 2883 584 2950 guberuaema
606 2883 722 2938 secedit.
757 2881 900 2954 Philippus
925 2880 1084 2937 bletbonem'
1107 2900 1155 2935 ex-

181 2979 291 3040 pugnat.
324 2969 370 3021 Ad
394 2971 474 3038 Pylas
498 2969 532 3022 ab
553 2969 766 3024 Atheniensibus
791 2969 957 3041 reprimitur.
998 2967 1155 3040 Antiphon·

180 3064 238 3109 tem
259 3057 345 3110 mittit
367 3056 403 3108 sd
427 3055 614 3110 comburenda
637 3055 845 3110 Atheniensium
868 3056 980 3108 navalia.
1016 3056 1102 3108 Causa
1119 3055 1155 3109 de

180 3143 251 3196 Delo
268 3143 303 3196 eb
320 3141 529 3196 Atheniensibus
546 3158 643 3196 eoram
658 3142 901 3212 Amphictyeusssus
918 3141 1001 3198 dictu
1035 3141 1154 3196 Decrete

181 3229 247 3296 duo,
266 3246 335 3298 quae
352 3231 453 3280 inserta
469 3236 532 3280 sunt
548 3231 665 3283 orationi
682 3229 717 3282 de
736 3245 793 3287 eor.
806 3229 905 3298 paffi,
923 3243 988 3280 num
995 3227 1032 3280 ad
1047 3237 1154 3298 tenpus

180 3315 346 3374 OLCVIIet
357 3314 445 3366 CVlll
463 3315 634 3371 intercedens
651 3315 795 3372 referende
813 3317 877 3383 siut,
893 3316 1041 3387 quaeritur.
1067 3315 1153 3384 Olyn-

179 3401 243 3456 thus
259 3418 277 3455 e
293 3397 423 3473 Philippo
441 3417 545 3462 eversa.
585 3443 595 3462 .
663 3445 672 3460 .
742 3438 752 3454 .
820 3440 830 3456 .
898 3441 908 3462 .
976 3419 1005 3474 p.
1023 3403 1153 3470 37-68.

113 3535 246 3632 Caput
265 3538 327 3604 111.
372 3537 430 3605 01.
455 3537 580 3621 CVIII,
607 3563 618 3604 t
645 3577 690 3591 -
713 3537 837 3620 CVIII,
860 3539 892 3606 3.

37 3673 39 3680 ·
102 3627 107 3636 ’
143 3645 222 3699 Pacis
241 3645 313 3698 inter
330 3645 488 3717 Philippum
512 3656 540 3700 et
561 3646 739 3701 Athenienses
751 3633 934 3718 [compositae
959 3646 1152 3728 terminatique

176 3733 246 3786 belli
263 3733 334 3786 sacri
350 3735 421 3786 ratio
440 3741 468 3786 et
495 3735 610 3788 historia
635 3743 787 3788 enarratur.
823 3733 943 3801 Decreti,
961 3733 1037 3804 quod
1054 3749 1097 3791 or.
1115 3730 1152 3786 de

176 3835 236 3878 eor.
261 3838 291 3890 p.
307 3821 359 3874 235
384 3820 516 3874 mertun
540 3831 598 3888 est,
622 3823 782 3894 exploratur
805 3823 937 3875 conditio·
980 3821 1151 3890 singularum

175 3922 269 3960 rerum
291 3907 378 3960 series
409 3906 623 3976 chronologia,
645 3910 675 3960 in
697 3909 793 3978 primis
818 3908 992 3962 decretorum
1025 3918 1150 3977 tempora
1218 3905 1227 3914 “
1329 3921 1330 3940 ¹

175 3993 385 4047 constituuntur·
427 3995 571 4064 Deprsveti
594 3997 624 4046 in
648 4005 766 4066 utroque
792 3995 903 4050 decreto
931 3997 1065 4048 meusium
1090 3992 1149 4046 die·

172 4095 290 4149 rumque
307 4083 413 4134 numeri
430 4089 550 4135 tentmn
568 4082 724 4152 explicatio.
799 4117 807 4134 .
879 4119 886 4134 .
957 4102 985 4153 p.
1003 4085 1149 4150 (ῖς-ιιι.
