2708 4768
712 248 870 406 [Q

270 460 715 564 legeuierarehicedelevit,
736 485 800 556 per
821 461 1089 562 quamanimae
1101 463 1305 533 triemrchiae

270 593 374 640 onera
395 565 440 636 ad
460 590 597 640 eeuettm
612 565 743 662 redegit
756 568 815 649 ita,
836 567 1030 661 utquisque
1043 569 1124 636 civis
1136 564 1260 634 decem
1271 587 1305 636 ta·

268 674 372 745 lentie
394 689 511 746 oeneus
533 672 634 744 unius
655 672 749 740 navis
771 670 862 744 solus
894 674 963 746 iam
984 670 1194 746 trierarchus
1216 671 1307 753 fieret

195 781 200 792 '
271 778 417 852 duarum
436 777 590 859 navium,
619 777 682 868 qui
702 776 837 872 viginti,
859 778 980 860 nium,
1009 778 1069 869 qui
1094 777 1249 872 triginta,
1268 793 1308 844 to·

271 882 445 976 tidemque
471 905 571 953 naves
596 878 698 956 simul
727 905 806 952 cntn
826 881 958 982 navigio
988 882 1133 952 acturi-ic
1157 883 1196 950 ei
1224 881 1310 949 etiam

221 1054 224 1068 ,
272 985 439 1056 curandae
461 1001 585 1068 essent,
614 987 675 1078 qui
695 984 804 1080 pluris
827 1002 912 1058 esset
944 1009 1046 1079 quam
1066 986 1196 1080 viginti
1219 983 1309 1053 telen-

271 1094 315 1164 tis
341 1093 548 1172 aestimatus,
577 1087 703 1183 reliqui
731 1113 835 1160 censu
868 1087 985 1162 decem
1016 1089 1148 1162 talentis
1188 1091 1309 1158 minore

271 1221 336 1291 pro
358 1215 429 1265 rata
449 1195 710 1288 portioneinter
724 1218 760 1269 ae
782 1196 1218 1296 ooninngereuturausque
1239 1193 1307 1270 dun
1336 1152 1337 1246 i

272 1299 391 1370 decem
411 1299 537 1370 talenta
557 1296 775 1368 confecerint.
1073 1375 1079 1390 .
1158 1291 1169 1299 ”
1336 1325 1337 1328 “

358 1405 420 1474 His
440 1405 578 1473 maioris
599 1402 846 1496 perspicuitatis
868 1404 973 1498 gratia
997 1404 1205 1496 praemissis,
1228 1423 1305 1474 accu-¹
1336 1463 1337 1480 q

271 1511 375 1580 ratius
397 1506 628 1602 quaerendum
648 1523 751 1576 restat
772 1505 815 1575 de
836 1524 988 1600 tempore
1009 1507 1092 1600 legis
1113 1507 1222 1574 huius
1242 1507 1301 1574 uie·

271 1614 460 1696 rarehicac,
496 1638 516 1680 a
545 1611 772 1682 Demosthene
800 1608 904 1698 latae3
941 1614 980 1680 in
1007 1635 1077 1708 quo
1108 1613 1187 1705 ipso
1224 1612 1300 1680 etan

270 1720 415 1814 praeivit
440 1716 628 1788 Boecthius
660 1716 684 1784 l.
713 1739 743 1785 c.
769 1742 804 1811 Ρ.
832 1717 893 1784 116
913 1740 989 1810 sqq.
1033 1718 1115 1786 Lata
1141 1717 1251 1808 igitur
1266 1711 1304 1780 lex

273 1842 324 1892 est
349 1840 426 1917 post
454 1821 608 1914 expulsos
630 1820 768 1889 Euboea
790 1839 949 1915 tyrannos
978 1819 1136 1914 (Olymp.
1163 1821 1262 1901 CIX,
1279 1816 1305 1902 i)

271 1927 433 2022 belloque
459 1927 548 1994 inter
573 1926 725 2017 Byzantii
751 1924 964 1994 obsidionem
993 1924 1225 2022 redintegrato
1248 1919 1305 2007 (Oi

273 2033 348 2116 CX,
373 2033 415 2122 ι).
460 2029 502 2097 ld
523 2030 616 2122 quod
635 2030 709 2123 ipse
740 2027 983 2098 Demosthenes
1010 2029 1135 2098 affatim
1168 2045 1306 2106 testatur,
1336 2040 1337 2121 ι

272 2161 381 2229 quum
402 2135 559 2236 expositis
581 2133 643 2215 eis,
673 2157 759 2226 quae
787 2131 830 2202 de
859 2133 1111 2208 Euboeensibus
1131 2131 1306 2228 Byzantiis·

272 2265 340 2332 que
360 2240 450 2314 bene
469 2238 648 2320 meruerit,
682 2236 728 2311 ad
758 2237 993 2310 trierarcbieue
1024 2239 1123 2306 huius
1152 2237 1237 2330 legis
1259 2233 1307 2300 de·
1336 2218 1337 2293 i

167 2387 173 2434 3
271 2345 493 2446 scriptionem
512 2341 566 2418 his
584 2341 693 2446 verbis
705 2357 864 2418 transeat:
885 2343 1040 2430 βούλομαι
1060 2345 1166 2423 τοίνυν
1188 2345 1304 2420 ἔπαυσε

271 2458 343 2518 θεῖν
364 2447 413 2540 ἐφ’
445 2448 468 2526 ἃ
495 2445 643 2526 τούτων
671 2445 757 2538 ἑξῆς
778 2447 1014 2534 ἐπολιτευόμην
1041 2473 1076 2553 p.
1100 2447 1176 2516 260.
1223 2445 1304 2514 Idem

272 2554 345 2645 ipse
366 2551 449 2644 legis
471 2575 549 2628 suae
571 2552 806 2644 praestantiam
831 2549 1021 2635 luculenter
1045 2551 1227 2654 probatem
1247 2569 1304 2622 esse

272 2656 434 2750 gloriatur
454 2679 518 2748 per
539 2656 733 2728 universam
752 2654 836 2732 belli
856 2655 1015 2752 spatium:
1044 2655 1148 2733 πάντα
1176 2656 1239 2750 γὰρ
1259 2651 1304 2726 tir
1336 2640 1337 2699 i

271 2761 410 2844 πόλεμον
428 2765 494 2827 τῶν
513 2759 698 2832 ἀποστόλων
725 2761 912 2847 γιγνομένων
940 2759 1021 2837 κατὰ
1047 2759 1105 2836 ’,σὸν
1133 2761 1234 2846 νόμον
1259 2755 1303 2823 τὸν

271 2861 350 2949 ἐμὸν
369 2889 399 2930 ιι.
419 2888 450 2932 τ.
464 2869 494 2932 2.
515 2886 550 2954 p.
573 2863 648 2930 262.
691 2861 823 2930 Bellum
838 2864 941 2956 igitur
954 2862 1125 2956 intelligit,
1148 2861 1243 2959 quod
1255 2859 1301 2928 Oi.

274 2965 338 3036 CX
366 2990 395 3038 a.
428 2991 440 3034 1
472 2968 612 3034 ineunte
643 2966 733 3034 inter
764 2967 921 3060 Byzantii
949 2967 1160 3037 obsidionem
1197 2964 1303 3036 exarsit

271 3077 315 3156 (v.
345 3096 417 3166 cap.
439 3071 475 3140 h.
501 3095 555 3139 ur.
583 3072 635 3163 7),
664 3071 877 3140 terminatum
899 3091 949 3142 est
970 3070 1062 3141 clade
1086 3067 1301 3145 Chaeronensi

206 3231 210 3240 .
273 3175 411 3269 Olymp.
435 3175 510 3258 CX,
533 3180 553 3246 3
576 3175 944 3270 menseMetegitnione
966 3179 1010 3268 (v.
1033 3201 1107 3271 cap.
1130 3187 1204 3273 sq).
1249 3176 1302 3241 Ita-

272 3303 341 3373 que
374 3281 478 3349 latam
504 3277 613 3374 legem
642 3303 713 3349 esse
742 3298 875 3373 oportet
905 3279 1160 3350 Boedromionis
1189 3277 1300 3350 mensis

271 3381 330 3452 dte
355 3384 441 3452 XVI
467 3389 510 3468 (v.
540 3384 659 3478 pseph.
693 3409 729 3478 Ρ.
764 3385 840 3468 261)
869 3409 956 3453 anno
987 3384 1127 3478 Olymp.
1160 3387 1225 3456 CX
1254 3393 1300 3448 aut
1336 3435 1337 3465 q

272 3489 398 3584 primo,
420 3505 478 3556 aut
497 3487 662 3576 secundm
688 3485 817 3556 nullam
837 3490 876 3556 in
896 3507 1027 3582 partem
1054 3489 1194 3584 Olymp.
1222 3483 1299 3566 clx,
1336 3534 1337 3612 q

359 3881 432 3920 mam
469 3881 570 3920 eorum
606 3856 875 3920 demonstrationem
907 3859 1075 3944 suppeditat
1104 3861 1296 3924 Demosthenes
1336 3892 1337 3932 Ρ

242 3965 248 3970 ·
359 3947 419 4007 his:
451 3933 492 4026 ἦν
512 3938 572 4027 γὰρ
601 3940 708 4017 uineis·
728 3979 771 3994 ·-
793 3945 1007 4010 συνεκκαίδεκα
1034 3950 1226 4031 λειτουργεῖν,
1248 3934 1297 4003 αὖ·

358 4037 425 4104 τοῖς
445 4029 503 4111 μέν
524 4027 638 4114 σμικρὰ
660 4031 709 4093 καὶ
732 4029 821 4095 οὐδὲν
835 4029 1062 4113 ἀναλίσκουσιν,
1086 4029 1160 4109 τοὺς
1181 4034 1208 4098 δ’
1228 4019 1295 4096 ἀσό-

360 4139 434 4202 ρους
455 4121 518 4182 τῶν
539 4121 674 4182 πολιτῶν
694 4118 912 4205 ἐπιτρίβουσιν.
935 4122 972 4184 de
996 4146 1055 4186 eor.
1078 4147 1108 4208 p.
1132 4130 1204 4188 aio.
1336 4129 1337 4180 i
