2750 4772
729 303 796 374 236

208 497 217 558 χ
241 471 445 593 phebolicne
465 467 591 542 mense
598 473 892 572 Amphictyonum
924 475 1066 567 habetur
1087 439 1289 562 concilium„
1359 533 1360 540 ι

242 578 282 642 in
311 601 378 671 quo
411 567 542 646 bellum
575 577 734 646 adversus
768 579 1023 673 Amphissenses
1055 601 1283 652 commovetur
1359 611 1360 636 ι

242 680 408 758 Aeschine
431 700 581 766 auctore,
613 700 647 751 et
674 681 769 750 haud
795 685 896 778 longe
923 703 1001 777 post
1021 685 1281 757 extraordinario
1359 691 1360 708 ²

240 803 408 869 conventu
428 785 713 881 Amphictyonum
734 787 820 856 iacto
844 788 1038 866 decernitur
1071 792 1280 886 genitorque,
1359 825 1360 828 ¹

240 876 414 980 Philippo,
434 907 472 957 ut
493 891 674 958 Aeschines
695 892 754 972 a't,
784 893 821 957 in
843 891 979 986 Scythia
1000 911 1176 986 rocupato
1222 896 1281 960 In·
1359 905 1360 952 ἶ

241 992 339 1062 terim
369 993 590 1072 Athenienses
619 992 782 1062 bellum
772 1021 807 1063 tn
830 997 975 1064 Thracia
998 1022 1075 1066 cum
1101 997 1229 1066 relictis
1260 1025 1282 1065 a

237 1091 399 1188 Philippo
431 1099 687 1192 imperatoribus
717 1102 922 1168 continuant.
972 1101 1034 1168 llle
1063 1125 1161 1184 vero,
1182 1124 1281 1184 ‚non-
1359 1155 1360 1170 t

240 1196 323 1265 dum
343 1199 546 1282 hauddubie
568 1202 716 1295 confecta
731 1203 939 1296 expeditione
951 1203 1116 1297 Scythica,
1140 1190 1279 1276 exeunte

240 1327 329 1376 anno
354 1304 491 1407 Olymp.
507 1307 701 1400 CX-primo
718 1307 841 1400 legatos
853 1309 999 1376 Athenas
1015 1310 1117 1378 mittit
1137 1308 1178 1375 de
1193 1335 1279 1404 pace
1359 1319 1360 1322 ’

240 1426 381 1491 acturos,
414 1412 563 1478 animum
589 1410 632 1479 ad
653 1435 777 1506 pacem¹
794 1429 827 1479 et
848 1415 1028 1482 amicitiam
1050 1415 1278 1505 compositum

238 1513 407 1595 simulans,
428 1515 487 1582 sed
509 1515 638 1594 diversa
660 1519 729 1583 iam
756 1535 827 1588 tum
855 1519 1016 1587 nimirum
1033 1519 1154 1586 animo
1181 1516 1278 1586 volu-

238 1635 321 1689 tans.
366 1619 444 1687 Mox
466 1621 556 1686 enim
577 1619 620 1688 ad
640 1620 771 1687 bellum
791 1631 933 1705 sacrum,
955 1622 1048 1716 quotl
1061 1619 1162 1690 modo
1179 1645 1278 1690 exor-

238 1722 311 1792 tum
333 1741 411 1807 crat,
434 1726 575 1792 accitum
597 1749 631 1792 se
653 1725 694 1790 ab
716 1726 1020 1818 Amphictyonibus
1043 1728 1081 1792 in
1097 1727 1276 1814 Graeciam

237 1830 282 1896 iri
304 1847 360 1896 aut
380 1832 637 1923 praesentiebat,
667 1847 725 1897 aut
752 1827 788 1896 id
815 1847 853 1898 ut
880 1829 994 1918 lieret,¹
1019 1833 1092 1923 ipsc
1119 1819 1279 1923 agitabat‚'
1359 1855 1360 1866 ¹

137 1953 141 1962 ·
197 1982 201 1988 ,
237 1935 365 2025 quippe
388 1931 497 2028 qnod,
519 1935 547 2000 si
569 1935 733 2024 ingressus
764 1935 801 2000 in
832 1933 1005 2004 Graeciam
1034 1950 1135 2015 esset,
1167 1933 1275 2000 Athe·
1307 1963 1314 1974 ·
1359 1983 1360 2002 ι

235 2039 373 2104 nienses
397 2037 508 2104 statim
537 2036 603 2106 sibi
633 2035 858 2106 adversaturos
888 2057 974 2118 esse,
1008 2062 1043 2104 se
1076 2061 1153 2114 vero
1176 2040 1274 2105 iustis
1359 2047 1360 2110 3

236 2143 305 2208 iam
326 2139 369 2206 de
391 2141 496 2216 causis
520 2157 552 2207 et
573 2143 645 2208 sine
674 2139 743 2208 ullo
773 2141 1013 2234 impedimento
1043 2141 1181 2234 inipsa
1209 2143 1275 2209 At-

236 2247 301 2318 tica
334 2267 388 2336 eos
425 2235 646 2313 coerciturum
684 2269 754 2312 esse
773 2263 947 2338 'speraret
1003 2245 1135 2338 ltaque,
1171 2247 1272 2314 sicuti
1359 2247 1360 2254 '

237 2349 375 2444 Olymp.
399 2348 526 2432 CVIII,
549 2375 568 2418 2
591 2374 708 2442 pacem
729 2374 806 2422 cum
827 2349 1088 2426 Atheniensibus
1112 2349 1273 2418 concilia-

233 2474 333 2539 verat,
354 2472 393 2524 nt
412 2451 540 2522 bellum
560 2455 731 2522 Phocense
759 2473 870 2548 posset
898 2453 948 2522 nil
975 2453 1161 2548 impeditus
1176 2479 1272 2546 ccm-
1359 2543 1360 2546 Ἴ

234 2581 371 2652 ponere,
387 2561 441 2627 ita
460 2567 542 2650 ‘tunc
566 2561 665 2626 etiam
685 2547 722 2625 in
746 2558 913 2651 persimili
941 2560 1187 2650 opportunitate
1209 2585 1273 2652 pa·

234 2656 308 2759 cem
329 2661 514 2756 proposuit}
536 2687 580 2728 nc
602 2665 639 2730 si
652 2662 779 2728 bellum
799 2662 1064 2730 continuandum
1085 2662 1151 2729 sibi
1174 2681 1270 2746 esset,

152 2776 156 2806 ²
233 2767 403 2834 difficilior
423 2766 486 2832 sihi
508 2767 662 2834 transitus
691 2769 729 2832 in
750 2765 926 2850 Graeciam
938 2767 1042 2848 fieret,
1064 2789 1148 2834 neve
1163 2765 1271 2834 Athe-
1359 2793 1360 2804 ³

231 2871 401 2938 niensium
422 2871 458 2936 in
482 2869 716 2938 Macedoniam
733 2871 1008 2962 impressionibus
1031 2895 1051 2936 a
1075 2869 1166 2962 tergo
1188 2897 1270 2964 pre-

231 2979 396 3058 meretur,
424 2975 452 3040 si
478 2971 717 3066 Thermopylas
745 2975 939 3058 traiecisset,
968 2973 1028 3042 sed
1054 2991 1140 3044 totus
1160 2975 1275 3046 solam
1359 2987 1360 3008 ¹

161 3097 165 3109 ·
205 3105 269 3148 ·1n
291 3080 435 3148 Atticam
455 3077 585 3147 bellum
606 3097 717 3173 posset
738 3077 921 3146 transferre.
963 3077 1082 3172 Neque
1096 3103 1170 3172 spes
1183 3080 1268 3150 baec

229 3183 347 3253 fefellit
387 3207 473 3252 eum.
533 3185 668 3278 Etenim
704 3183 926 3251 Athenienses
965 3207 1084 3274 pacem
1125 3183 1265 3278 Olymp.

232 3287 314 3370 CX,
341 3312 352 3354 1
381 3306 528 3356 exeunte
550 3315 568 3356 a
598 3288 760 3409 Philippo
778 3289 983 3409 propositam
1004 3285 1266 3358 Hecatombaeo-
1359 3369 1360 3372 Ἴ

229 3393 283 3459 nis
307 3392 356 3458 XI
385 3392 521 3486 Olymp.
551 3389 628 3474 CX,
647 3393 880 3485 succipiunt,
902 3389 1117 3484 eiusdemque
1138 3395 1264 3460 mensis
1359 3395 1360 3404 ’

227 3497 330 3563 XXX
355 3494 480 3590 legatos
507 3497 643 3562 mittunt
671 3496 727 3561 ius*
749 3496 929 3563 iurandum
968 3493 1100 3564 daturos
1129 3513 1162 3564 ct
1190 3519 1264 3564 exa-

104 3665 107 3680 ,
203 3619 349 3692 poturos.
404 3598 579 3693 Philippus
620 3601 809 3690 insequenti
854 3623 968 3668 mense
1017 3601 1262 3694 Metagitnione
1359 3633 1360 3664 ι

225 3727 345 3796 pacem
372 3708 447 3773 iure
476 3704 616 3771 iurando
648 3703 838 3787 confirmat,
872 3703 989 3773 ecdem
1018 3705 1086 3771 iem
1115 3705 1163 3770 ab,
1177 3707 1262 3772 Am-

225 3807 463 3901 phictyonibns
484 3799 522 3875 in
546 3807 721 3876 Graeciam
749 3807 797 3902 ad¹
820 3806 1019 3878 coercendos
1041 3808 1260 3903 Amphiescn·
1359 3793 1360 3808 ¹

225 3936 276 3979 ses
297 3915 465 3995 invitatur,
489 3936 528 3979 ex
538 3913 675 4004 Scythia
696 3915 774 3996 iam,
796 3909 962 3980 Aeschine
984 3905 1076 3994 teste,
1097 3935 1258 3981 reversus.

227 4016 300 4101 Quo
322 4013 407 4084 sacto
430 4019 619 4114 insequenti
640 4020 749 4088 statim
770 4041 884 4106 mense
911 4018 948 4082 in
971 4015 1146 4082 Graeciam
1170 4015 1261 4082 traii-'

226 4143 301 4189 cere
322 4139 426 4214 parat,
449 4121 635 4207 sedqcausis
656 4147 734 4191 mox
763 4121 946 4208 accuratius
969 4119 1179 4213 explorandis
1201 4141 1258 4188 co·
