2750 4772
694 281 867 389 νο..

269 449 384 526 ΟυοοΙ
412 448 557 542 potitum
589 471 659 516 esse
695 447 894 544 Philippum
928 449 1170 520 Demosthenes
1208 452 1311 520 refert

263 571 342 646 post
362 554 549 620 institutam
571 554 721 620 Eretriae
743 553 959 646 tyrannidem
980 553 1069 634 Phil.
1093 556 1151 624 IV.
1174 579 1209 647 p.
1237 558 1309 652 133.

126 641 128 646 ¹
237 663 239 668 ’
264 659 310 726 Et
333 676 520 751 expugnata
541 659 620 726 urbs
650 675 699 727 est
727 657 819 727 haud
847 657 948 726 dubie
971 658 1110 752 Olymp.
1133 661 1213 728 CIX
1235 687 1263 728 a.
1286 686 1308 728 υ

263 780 412 844 exeunte,
434 781 491 830 aut
512 779 668 830 currente
690 760 828 830 demum
850 765 958 846 tertio,
979 762 1017 830 id
1029 761 1123 857 quod
1144 781 1310 832 testantur

262 865 564 934 Demostheniede
588 866 751 935 Cherson.
784 870 892 960 oratio
927 866 1219 960 etadn‘Philpp.
1243 869 1308 952 III,

243 967 299 1038 ¹in
323 970 445 1064 quibus
477 970 606 1038 Oreum
635 972 862 1039 recentissime
891 973 1126 1065 impugnatum
1155 991 1307 1063 captum-

262 1101 329 1168 que
352 1092 464 1142 orator
492 1066 755 1142 commemorati
777 1077 811 1142 τί
839 1079 873 1142 δ”
887 1076 927 1142 dr
948 1075 1098 1143 ἀπελθὼν
1117 1079 1152 1144 ’ἐκ
1177 1075 1307 1168 Θρᾴκης

260 1182 311 1248 καί
337 1181 424 1266 μηδὲ
452 1178 635 1266 προςελθών
665 1178 857 1270 Χερῥονῆσῳ
881 1182 963 1266 μηδὲ
989 1182 1166 1281 Βυζαντίῳ,
1190 1219 1234 1233 -
1255 1183 1306 1248 tat

94 1254 97 1260 Ι
187 1353 190 1359 ,
258 1286 405 1352 Χαλκίδα
426 1283 597 1370 ἢΜέγαρα
617 1281 678 1372 νίκῃ
698 1279 755 1351 τὸν
767 1282 863 1362 αυτὸν
872 1283 995 1371 τρόπον
1013 1283 1107 1372 ὅνπερ
1130 1287 1175 1352 ἐπ’
1191 1284 1304 1370 Ὠρεὸν

250 1389 385 1479 ’πρῴηυς
408 1385 450 1452 de
466 1385 628 1454 Cherson.
650 1411 684 1478 p.
707 1385 768 1478 943
791 1403 826 1453 et
838 1385 986 1481 Philipp.
1011 1388 1070 1454 Ill.
1093 1414 1128 1481 p.
1150 1391 1209 1458 113
1231 1411 1304 1454 me-

256 1509 385 1560 morata
406 1488 556 1585 Philippi
587 1489 800 1584 expeditione
829 1489 984 1559 adversus
1013 1492 1199 1561 Phocenses
1228 1491 1297 1577 (Ol.

257 1594 373 1664 CVIII
403 1597 458 1687 73)
487 1613 520 1662 et
554 1596 732 1689 posteriori
762 1595 917 1664 adversus
938 1597 1075 1664 'Pheras
1107 1595 1296 1664 Thessaliae

256 1702 330 1792 (Ol.
344 1699 436 1782 CIX,
465 1725 475 1766 t
498 1701 614 1790 extr.):
637 1702 688 1766 καί
714 1699 755 1768 τὰ
777 1706 947 1784 τελευταῖα,
972 1699 1077 1785 addit,
1099 1691 1166 1778 τοῒς
1187 1708 1297 1768 ταλαι-

140 1878 142 1883 ,
239 1805 372 1895 πώροις
388 1805 552 1894 Ὠρείτας
572 1807 710 1872 τουτοισὶ
732 1807 994 1891 ἐπισκεψομένους
1021 1804 1080 1892 ἔφη
1103 1805 1179 1883 τοὺς
1199 1830 1298 1893 στρο-

253 1910 369 1986 τιώτσς
389 1909 583 1996 πεπομφέναι
604 1911 670 1974 κατ’
693 1907 831 1975 εὔνοιαν·
859 1908 1078 1978 πυνθάνεσθαι
1099 1909 1160 1998 γὰρ
1183 1908 1298 1988 αὖτοὺς

135 2077 138 2084 ,
253 2013 298 2091 ὥς
318 2019 446 2080 νοσοῦσι
467 2015 518 2078 καί
540 2010 759 2092 στασιάζουσιν
788 2014 821 2082 ἓν
845 2011 957 2090 ,αὑτοῖς
982 2041 1010 2080 κ.
1039 2040 1068 2082 τ.
1100 2020 1129 2081 λ.
1181 2013 1298 2106 Expu-

254 2116 361 2208 gnatis
392 2133 502 2184 autem
523 2107 681 2183 Porthmo
705 2115 865 2210 Oreoque
892 2118 1079 2184 institutam
1100 2119 1137 2199 in
1160 2117 1297 2185 Euboea

252 2218 467 2314 tyrannidem
496 2244 582 2302 ease,
612 2245 713 2314 supra
731 2222 958 2314 cognovimus
990 2247 1030 2289 ex
1053 2244 1104 2292 or.
1123 2219 1207 2320 Phil.
1230 2223 1293 2304 Ill,

230 2332 285 2419 Tp.
314 2328 385 2407 125,
412 2347 482 2416 119,
505 2325 542 2390 id
565 2323 656 2416 quod
684 2323 781 2393 docet
810 2327 911 2393 etiam
933 2349 980 2393 or.
1004 2323 1047 2393 de
1069 2348 1137 2394 cor.
1159 2352 1194 2419 p.
1218 2325 1292 2412 248.

249 2432 295 2498 Et
323 2431 474 2500 Eremiae
511 2429 650 2524 quidem
679 2429 868 2498 Clitarchus
898 2455 1027 2498 summa
1056 2439 1172 2496 rerum
1203 2433 1293 2526 poti-

248 2553 299 2602 tus
321 2534 547 2608 videturesse
571 2534 710 2630 Olymp.
735 2535 816 2602 CIX
837 2558 926 2600 anno
948 2535 1016 2601 iam
1036 2536 1198 2602 nimirum
1216 2537 1292 2628 ¹pri-

246 2662 323 2718 mo,
345 2637 415 2718 sed,
437 2637 623 2718 rebellione
646 2639 687 2702 ah
710 2639 957 2705 Eretriensibus
978 2640 1031 2706 his
1054 2657 1187 2721 tentata,
1210 2640 1290 2710 Phi-

192 2830 194 2834 ,
246 2742 335 2834 lippi
376 2740 531 2808 subsidiis
568 2739 679 2807 denuo
710 2741 818 2808 missis
846 2743 1059 2833 tyrannidem
1085 2745 1232 2812 obtinuit
1258 2761 1291 2813 et

246 2845 458 2915 confirmavit
481 2843 618 2937 Olymp.
643 2844 732 2927 CIX,
755 2867 775 2914 2
797 2848 960 2940 peroratis
983 2845 1200 2916 hauddubie
1222 2851 1289 2916 iam

246 2949 453 3037 orati0nihus
475 2947 517 3014 dc
539 2948 706 3039 legatione
727 2948 814 3017 male
836 2968 942 3042 gesta3
960 2976 1040 3044 ¹quo
1062 2952 1289 3021 factorecen-

244 3058 310 3122 tius
334 3055 473 3146 Olymp.
498 3052 580 3120 CIX
602 3078 690 3123 anno
713 3053 849 3122 demum
871 3057 966 3124 tertio
990 3054 1180 3126 Philistides
1203 3055 1287 3124 Orci

229 3159 508 3227 ‚dominationem
537 3178 702 3226 assecutus
730 3178 787 3227 est.
834 3162 943 3245 Quam
974 3160 1017 3228 ob
1045 3185 1119 3231 rem
1146 3163 1183 3228 in
1212 3185 1287 3228 ora-

242 3264 390 3332 tionibus
418 3261 461 3329 de
491 3262 653 3332 Cherson.
682 3283 716 3331 et
741 3262 963 3357 Philipijll
981 3267 1044 3332 ‚ita
1073 3263 1116 3330 de
1146 3265 1285 3330 Euboea

241 3385 354 3436 orator
380 3366 550 3460 loquitur,
579 3393 617 3434 ac
648 3368 677 3435 si
705 3371 899 3460 nuperrime
929 3371 972 3441 sit
1000 3371 1039 3435 in
1061 3386 1203 3461 utraque
1225 3366 1285 3436 illa

239 3473 324 3540 urhe
345 3471 495 3542 Instituta
517 3473 685 3566 tyrannis,
721 3480 807 3564 quae
829 3489 940 3542 tamen
963 3473 1054 3569 apud
1075 3474 1298 3540 Eretrienses

190 3654 192 3659 ¹
239 3595 330 3644 certe
357 3575 421 3643 fuit
451 3577 518 3642 iam
547 3576 694 3670 longine
730 3577 776 3644 ita
797 3593 850 3660 ut,
877 3580 906 3644 si
935 3579 972 3643 in
1001 3601 1049 3646 or.
1085 3575 1128 3644 de
1157 3601 1225 3645 cor.
1247 3604 1283 3670 p.

134 3757 138 3762 ,
239 3683 319 3750 252:
344 3679 410 3750 εἶτα
432 3679 490 3765 τὴν
502 3683 544 3758 τίς
555 3681 703 3763 Εὔβοιαν,
727 3698 839 3747 orator
850 3683 906 3761 eit,
932 3681 1280 3773 [πρίσβαονίγραψα],

236 3779 314 3868 ἡνίκ’
335 3783 473 3868 Εὐβοίας
493 3783 618 3868 ἥπτετο,
649 3781 716 3850 εἶτα
743 3784 803 3871 τὴν
823 3785 869 3851 ἔπ’
887 3785 999 3870 Ὠρεὸν
1021 3785 1146 3868 ἔξοδον,
1180 3787 1284 3852 οὐκέτι

237 3874 414 3972 πρέσβειον,
437 3889 488 3955 καί
510 3888 568 3973 τὴν
590 3891 633 3964 εἷς
650 3888 820 3976 Ἐρετρίαυ,
845 3889 948 3966 ἐπειδὴ
966 3887 1136 3977 τυράννους
1157 3891 1283 3960 irrad-

237 4015 306 4064 τους
326 4000 395 4068 ταῖς
416 3990 523 4059 πόλεσι
544 3994 712 4078 κατέστησε
719 4043 730 4073 ,
762 3991 863 4059 verba
883 3990 965 4058 haec
993 4016 1063 4060 non
1086 3995 1132 4062 iu
1155 3992 1283 4061 intelli-

237 4089 344 4186 genda
367 4091 541 4164 videantur
564 4119 657 4176 esse,
682 4118 721 4162 ac
743 4097 771 4162 si
792 4097 932 4164 omnino
953 4096 1106 4166 nondum
1127 4097 1288 4172 instituta
