2706 4782
26 429 129 500 Diod.
151 427 188 498 S.
212 427 289 510 XV,
311 431 365 498 81.
409 427 494 496 Inde
515 429 558 496 ab
579 427 645 498 hoc
665 445 818 523 tempore
838 425 1074 496 iuAthenien·

22 539 110 604 sium
124 533 253 602 ditione
264 556 371 625 usque
383 531 530 618 adhaec,
542 534 579 600 in
590 531 714 628 quihus
728 555 907 616 versamur,
921 549 1074 628 tempora

19 642 127 708 fuisse
148 636 292 706 videtur.
328 635 503 732 Olynthiis
515 637 629 730 igitur
648 659 851 731 recuperare
872 636 992 718 urbem
1013 660 1073 705 cu-

20 743 197 839 pientibus
213 740 407 835 Philippus,
424 764 541 810 eornm
553 741 661 834 copiis
672 765 747 810 suas
763 740 948 834 adiungens
961 742 1072 826 (Deru.

25 847 170 942 Olynth.
185 847 228 928 II,
244 871 285 938 p.
277 848 360 946 aa)
376 863 598 940 expugnatam
618 843 720 912 simul
741 869 819 914 cum
832 845 1072 929 Anthemunte,

27 950 248 1022 Macedoniae
262 937 390 1044 oppido
405 951 519 1040 (Dein.
536 948 625 1018 Phil.
643 950 686 1036 ll,
708 975 743 1044 p.
734 954 817 1042 ·7⁰)
833 947 1073 1043 possidendam

25 1057 198 1126 concessit.

113 1157 307 1230 Potidaeam
328 1158 523 1252 aPhilippo
544 1175 677 1252 captam
692 1158 833 1252 Olymp.
849 1157 922 1240 GV,
944 1157 965 1226 3
988 1156 1075 1227 Dio-

28 1266 132 1334 dorus
158 1262 194 1332 S.
216 1262 319 1331 refert
338 1261 362 1330 l.
386 1263 479 1346 XVI,
501 1266 522 1332 8
545 1279 622 1332 cum
640 1262 857 1357 Amphipolis
881 1278 915 1330 et
934 1259 1075 1354 Pydnae

26 1369 246 1463 occupatione
261 1368 479 1460 coniungens,
502 1366 597 1461 quod
608 1391 647 1436 re
660 1392 739 1438 vera
750 1391 839 1438 anno
856 1384 934 1461 post
949 1366 1076 1436 factum

29 1495 84 1544 est.
115 1469 317 1542 Plutarchus
331 1473 423 1538 enim
440 1473 478 1540 in
495 1470 687 1542 Alexandro
701 1465 730 1541 c.
750 1474 782 1542 3.
809 1471 1005 1542 Potidaeam
1020 1495 1076 1539 ca-

29 1597 118 1670 ptam
134 1573 410 1672 &Alexandrum
422 1598 490 1644 uno
506 1593 656 1669 tempore
668 1594 797 1660 natum,
814 1599 883 1669 quo
899 1574 1075 1670 Olympici

31 1683 98 1750 ludi
113 1682 172 1750 vix
194 1677 353 1748 celebrati
372 1680 510 1772 suerint,
531 1680 585 1748 his
606 1681 718 1750 verbis
737 1679 855 1751 refert:
881 1681 1028 1770 Φιλίππῳ
1047 1681 1076 1746 δ’

41 1788 99 1872 ipe
109 1787 292 1854 Ποτίδαιαν
304 1782 444 1874 ᾑρηκότι,
467 1796 551 1874 τρεῖς
562 1777 640 1872 ἧκαν
651 1784 789 1874 ἀγγελίαι
801 1782 884 1852 κατὰ
899 1783 956 1852 τὸν
977 1781 1075 1852 αὐτὸν

32 1889 157 1978 χρόνον·
179 1886 273 1974 ἡμίν
285 1888 455 1978 Ἰλλυριοὺς
475 1887 635 1976 ἡττᾶσθαι
655 1889 743 1980 μάχῃ
763 1887 883 1978 μεγάλῃ
904 1885 958 1955 διὰ
978 1891 1076 1976 Παρ-

32 1981 189 2078 perimes·
217 1989 238 2076 ἢ
258 1993 285 2058 δ’
302 1991 509 2078 Ὀλυμπιάσιν
526 1995 614 2086 ’ίιιτιιρ
635 1995 739 2082 τίλητι
759 1987 961 2079 νενικηκίναι·
983 1993 1075 2081 τρίτη
1154 1991 1157 1998 ’

32 2101 77 2182 δέ,
110 2101 183 2186 περὶ
210 2103 268 2183 τῆς
290 2096 494 2182 Ἀλεξάνδρου
524 2100 681 2186 perlectos.
734 2097 864 2183 Quibus
893 2119 936 2164 ex
964 2095 1075 2165 verbis

31 2204 169 2270 omnino
209 2217 468 2270 consentaneum
500 2201 549 2286 lit,
606 2198 785 2280 Potidaeae
819 2201 1076 2294 occupationem

31 2310 66 2376 iu
90 2309 230 2374 ineunte
259 2301 397 2400 Olymp.
421 2305 499 2376 CVI
520 2328 550 2376 ι.
576 2329 588 2376 ι
616 2330 687 2376 esse
709 2303 986 2395 constituendam.

33 2518 67 2585 3.
89 2539 125 2607 p.
147 2515 216 2584 230.
240 2519 310 2582 Τοῦ
328 2513 391 2603 γὰρ
415 2517 558 2584 Φωκικοῦ
579 2512 901 2598 αυατᾶιταςτιαλίμοα
923 2551 964 2570 -
987 2517 1076 2602 upti-

76 2616 316 2705 tenuissimis·
336 2617 418 2688 οὕτω
439 2619 602 2702 diluente,
626 2618 707 2688 tiore
727 2643 756 2688 ιι.
778 2643 807 2686 τ.
829 2623 859 2686 λ.

400 2723 484 2782 olymp.
496 2723 677 2778 cvm-CVI,
687 2737 710 2770 ο.

115 2825 255 2896 Bellum
264 2826 447 2910 Phocense,
470 2824 564 2950 quod
584 2824 676 2896 idem
690 2843 982 2910 centumcentur,
1004 2843 1078 2896 tum

29 2931 182 3023 primum
218 2933 375 3000 exarsisse
416 2931 609 3000 cerdmimis
642 2933 870 3029 scriptorum
877 2932 1078 3018 testimoniis

31 3053 179 3118 constat,
208 3059 314 3128 quum
344 3033 552 3106 Philomelus
589 3035 781 3130 indignatos
819 3037 863 3107 oh
896 3037 1079 3128 irrogatum

31 3143 91 3208 sihi
115 3140 162 3207 ab
189 3139 493 3233 Amphictyonibus
526 3139 687 3210 mulctam
717 3141 921 3223 Phocenses,
950 3157 990 3208 ut
1013 3162 1078 3232 per
1106 3203 1108 3208 .

30 3249 94 3314 vim
142 3241 348 3336 Delphicum
387 3243 552 3336 templum
588 3263 841 3340 expugnarent,
891 3245 1078 3314 concitavit.

31 3346 196 3421 DiodS
219 3348 312 3432 XVI,
334 3349 415 3420 23.
412 3348 556 3442 Captos
578 3368 691 3418 autem
712 3375 732 3418 a
753 3350 978 3419 Phoceusibus
996 3348 1080 3418 Del-

32 3455 114 3546 phos
140 3453 320 3520 Pausanias
341 3453 444 3522 rel'ert
465 3453 523 3521 Ol.
547 3455 660 3524 cvr.
682 3455 721 3543 4,
750 3455 910 3527 archonte
937 3437 1078 3523 Athenis

36 3555 229 3650 Agathocle.
264 3555 366 3626 Phoc.
391 3559 441 3641 X,
472 3582 503 3626 a.
548 3558 645 3650 Idem
670 3585 690 3627 a
720 3559 871 3630 Diodoro
901 3535 1080 3630 confirma-

34 3680 82 3730 tur
115 3662 220 3742 XVI,
252 3659 300 3747 ιί.
351 3661 418 3730 ilic
445 3664 537 3732 enim
564 3643 646 3732 iude
674 3663 715 3730 ab
746 3663 805 3734 illo
833 3687 921 3734 suno
952 3665 1081 3732 Demo·

4 3793 6 3848 ι
30 3767 179 3858 philum,
203 3765 331 3859 Ephori
353 3768 526 3860 scriptoris
548 3768 671 3850 filium,
692 3766 776 3836 belli
798 3770 883 3838 sacri
905 3768 1080 3836 historiam

32 3870 260 3962 descripsisse,
282 3895 423 3964 eamque
437 3873 478 3938 ah
494 3891 681 3965 expugnato
697 3872 865 3967 Delphico
883 3869 1010 3966 templo
1026 3874 1082 3940 in-

31 3979 161 4070 cepisse
186 3992 330 4041 cestatur.
374 3977 464 4044 Tum
486 3977 530 4044 ad
553 3977 698 4046 cundem
720 4003 846 4046 anuum
873 3975 980 4070 usque
1003 3975 1091 4044 Cal..

31 4078 214 4150 listhenem
242 4103 356 4150 rerum
389 4082 428 4148 in
456 4079 599 4178 Graecia
632 4100 798 4174 gestarum
834 4083 1083 4158 enarrationem
