2750 4772
572 303 637 376 181
726 299 728 304 ¹

79 467 119 542 in
149 469 410 544 abominabilem
446 473 541 544 illam
578 471 807 546 conditionem
841 470 1016 544 detrusum
1046 475 1130 554 dicit
1167 448 1173 466 Χ

78 577 325 648 Demosthenes
345 575 433 647 Phil.
456 579 518 648 Ill.
540 602 576 674 p.
603 601 679 670 ιη,
710 597 774 652 aut¹
787 580 815 647 si
838 577 915 649 dolo
938 579 1052 673 aliquo
1075 587 1126 650 nsi
1256 624 1258 630 ·

79 700 161 754 sant
182 679 337 753 adversus
359 705 433 765 cos,
462 684 523 777 qni
554 700 628 752 tum
649 707 815 753 summam
840 695 953 752 rerum
974 686 1128 754 Eretriae

80 787 237 882 Oreique
270 787 438 856 tenebant.
502 787 548 858 Et
586 786 743 856 adiuvare
774 790 996 882 posteriorem
1038 789 1128 857 hanc

81 893 285 974 sententiam
313 889 561 985 quodammodo
593 891 776 960 Aeschines
811 891 961 974 videtur,
997 893 1057 985 qui
1085 893 1128 960 ad
1174 970 1178 978 ¹
1226 965 1229 974 x

79 995 291 1065 Eretrienses
312 995 430 1064 missos
451 993 577 1088 legatos
597 993 978 1079 Atheniensiumsdicit,
1000 996 1052 1064 nil
1072 1021 1128 1067 ro-

79 1117 216 1195 gaturos
250 1100 332 1183 nisi,
363 1116 403 1168 ut
434 1101 586 1194 quinque
618 1101 825 1172 tributorum
853 1098 976 1174 talenta
1001 1101 1039 1168 in
1065 1125 1128 1195 po·-
1189 1110 1195 1120 '

78 1201 429 1272 st'erum'Chalcidcm
451 1204 660 1288 conferrent,
693 1202 736 1273 ad
759 1205 872 1274 Oritas
905 1222 1017 1273 tamen
1044 1205 1126 1274 alios

78 1327 256 1403 rogaturos
277 1309 394 1392 etiam,
415 1326 456 1377 ut
477 1308 624 1378 eundem
647 1308 764 1378 Oritas
784 1297 923 1378 hostem
944 1310 1127 1380 amicumve

79 1415 310 1508 aestimarent,
344 1437 447 1506 quem
476 1413 709 1482 Athenienses.
759 1415 1004 1483 Eretriensium
1034 1417 1128 1484 enim

81 1517 274 1588 Clitarchus
307 1518 377 1586 iam
414 1534 489 1593 tum
519 1536 680 1614 tyrannus
711 1517 898 1588 secundnm
925 1519 1128 1612 Aeschinem

80 1621 162 1706 init,
193 1624 324 1718 quippe
353 1621 416 1715 qui
444 1622 707 1702 Demosthenem
734 1648 754 1689 a
775 1621 945 1692 Clitercho
971 1639 1035 1715 pro
1057 1623 1128 1694 soe-

83 1725 165 1796 dere
192 1728 256 1796 isto
285 1727 387 1794 nnius
405 1723 537 1812 [talenti
574 1725 702 1796 donum
735 1729 901 1822 accepisse
936 1726 1126 1812 insimulet3

81 1829 176 1900 idem
206 1853 286 1900 vero
314 1829 430 1900 Oritas
459 1831 770 1920 δημοκρατουμένους
801 1829 966 1925 appellat,
998 1832 1128 1924 quippe

80 1934 175 2031 apud
207 1957 292 2030 quos
320 1951 355 2005 et
380 1933 564 2031 admodum
592 1935 708 2009 ‚hrevis
744 1933 940 2004 Philistidae
978 1935 1131 2030 tyrannis
1204 1935 1206 1946 '

79 2041 204 2125 fuerit,
227 2061 335 2132 eaque
355 2039 495 2108 omnino
521 2061 567 2106 nc
594 2038 709 2108 sedem
738 2037 876 2134 quidem
901 2039 1035 2110 firmam
1061 2039 1128 2106 sihi

82 2166 294 2240 comparasse
321 2140 492 2228 rideatur,
521 2167 628 2236 quum
657 2143 901 2212 Eretriensium
928 2142 1130 2214 dominaris

73 2273 164 2341 'nem
186 2243 375 2317 Clitarchus
397 2271 439 2318 ex
459 2246 608 2342 longiori
626 2247 698 2316 ism
720 2261 871 2342 tempore
896 2249 961 2316 sibi
982 2271 1130 2316 asserue-

79 2355 139 2423 rit.
184 2353 301 2447 Itaque
321 2375 403 2446 erga
424 2350 633 2421 Clitarchum
644 2351 866 2422 Athenienses
878 2355 1035 2421 amicum
1057 2354 1130 2422 ani-

79 2482 179 2527 mum
199 2445 411 2540 simulabant,
433 2474 472 2524 ut
482 2453 695 2524 Philistidem
712 2457 863 2550 primum
885 2477 964 2524 cum
983 2455 1129 2532 suctione

79 2561 277 2655 Philippica
305 2583 344 2630 eo
370 2561 502 2628 facilins
525 2560 617 2629 Oreo
649 2577 785 2652 possent
806 2557 984 2654 depellere.
1028 2561 1130 2628 Libe-

79 2666 170 2738 retis
195 2683 310 2737 umen
347 2665 455 2734 oritis
492 2666 605 2760 ipsum
644 2666 746 2732 etism
777 2661 987 2734 Clitarchum
1019 2663 1129 2732 adorti

80 2781 173 2841 sunt
216 2768 331 2862 thue
353 2793 393 2838 eo
416 2771 539 2838 certius
560 2769 688 2837 animos
709 2768 775 2836 sihi
796 2768 944 2836 etfidcm
957 2765 1131 2838 Eretrien-

80 2875 174 2946 sinm
204 2871 446 2968 Oriterumque
480 2872 716 2957 conciliarent,
753 2873 982 2942 Euboicarum
1017 2874 1131 2942 civite-
1274 2937 1279 2942 .

1 3067 2 3072 ἵ
82 2981 173 3050 tium
194 2976 378 3048 concilium
407 2977 606 3046 Chalcidem
634 2977 890 3070 congregabant,
912 3001 956 3044 ne
977 2977 1007 3044 si
1025 2977 1131 3045 Athe-

1 3123 2 3134 1
82 3107 146 3151 nas
161 3083 301 3178 ¹tributa·
313 3079 503 3172 persolvere
533 3098 751 3166 tenerentur,
765 3083 897 3172 gravior
918 3081 964 3148 eis
986 3099 1021 3150 et
1039 3082 1131 3175 peri-

77 3185 200 3256 culosa
220 3183 480 3254 Atheniensium
507 3186 644 3252 societas
674 3183 854 3254 videretur.
887 3185 1013 3278 *Atque
1042 3186 1130 3254 iusto

82 3290 223 3362 foedere
237 3311 316 3358 cum
328 3287 436 3356 Oritis
448 3289 598 3380 primum
612 3287 710 3372 sacto,
731 3288 785 3356 his
798 3291 900 3356 ctiam
919 3291 1031 3381 prima
1051 3290 1129 3356 suh-

82 3395 174 3466 sidia
194 3395 313 3476 missa,
334 3415 397 3486 per
423 3414 528 3486 eaque
557 3391 705 3459 liberatis
738 3392 847 3462 Oritis
876 3393 979 3460 altera
1006 3392 1131 3461 deinde
1167 3445 1169 3448 -

82 3501 255 3568 Eretriam
282 3495 451 3590 expeditio
481 3495 523 3562 nd
551 3494 753 3563 eliciendum
783 3493 993 3564 Clitarchum
1010 3520 1133 3564 ›suscc-
1214 3495 1216 3498 ’

82 3621 146 3698 pta
159 3601 299 3671 vvidetur
320 3625 400 3669 esse.
445 3602 494 3668 lta
516 3601 609 3668 enim
631 3601 888 3668 Demosthenes:
919 3598 986 3669 eleo
1006 3601 1065 3687 τὴν
1084 3599 1132 3667 ἐπ’

80 3704 198 3798 Ὠρεὸν
227 3705 341 3786 ἔξοδον
367 3743 412 3758 -
438 3707 490 3772 sal
517 3705 591 3789 τὴν
604 3708 647 3782 εἰς
675 3704 845 3794 Ἐροορίον.
868 3741 909 3756 ·-
937 3705 1049 3796 Atque
1070 3727 1135 3797 po-

86 3830 212 3887 strema
231 3809 315 3876 haec
343 3810 477 3876 stabunt
499 3810 647 3897 etiamsi
670 3806 808 3901 Olymp.
833 3808 928 3889 CIX,
958 3831 978 3873 a
1002 3807 1133 3875 Anthe-

87 3917 237 3986 sterione
258 3937 371 3980 mense
392 3912 518 3981 sactum
541 3925 590 3980 e'st
618 3908 735 3980 foedus
757 3935 835 3982 cum
856 3911 1043 3979 civitatibus
1065 3915 1135 3980 Eu-

87 4020 213 4105 hoicis;
243 4035 419 4110 ceteraque
447 4019 528 4084 item
562 4014 739 4084 commode
773 4017 810 4082 in
840 4013 996 4084 ordinem
1026 4015 1135 4108 redigi

89 4137 262 4218 poterunt.
320 4121 448 4192 Potitus
479 4121 570 4192 enim
599 4143 638 4190 eo
667 4139 820 4214 tempore
850 4118 1037 4210 Clitarchus
1069 4122 1136 4190 iam
