2750 4772
682 241 915 370 ..ἕὶ’

238 432 326 512 sessi
347 414 456 504 naris·
471 429 515 512 ad
530 432 701 531 orientem
722 437 887 528 vergentis
902 433 1101 526 ‘imperium‘
1118 431 1291 504 effeotauti

4 630 6 638 J
81 565 82 570 ’
168 608 172 613 ,
237 539 414 616 obstabant
432 554 571 631 praeter
586 536 734 606 Thraces
752 540 848 632 'ipsae
857 539 1003 610 maxime
1016 538 1162 606 eisitstes
1179 536 1288 604 Grae-

238 669 313 727 cae,
340 641 384 714 ed
404 641 620 737 Propontidis
649 665 744 710 oram
775 643 867 731 sitae·
891 667 1075 736 earumque
1094 643 1287 736 inprimis

161 755 162 760 ’
237 747 729 844 potentissima-‚hymnum
763 746 878 816 '.Haee·
893 748 984 815 enim
998 752 1101 830 urbs,
1123 745 1177 814 >ad
1203 747 1288 837 Bos-

236 877 360 948 porum
387 853 574 922 Thracium
601 854 712 952 inopus
746 853 1007 922 totamdiuxini'
1027 852 1287 933 maa-ismarae..

238 974 347 1028 turam
367 957 520 1039 tenebat,
548 956 775 1050 frumentique
787 959 943 1027 manime
958 957 1096 1032 *Pontiei
1119 977 1286 1024 commes-

238 1067 326 1144 tam,
357 1062 418 1156 qni
449 1061 1011 1142 cunanivarnmsntflraaann,
1039 1078 1118 1128 tum·
1133 1085 1286 1154 praeser-

237 1169 359 1234 tinia
380 1166 526 1234 Atticam
547 1165 797 1261 imperabatur.
820 1166 869 1257 (V
869 1165 1053 1248 ‚noostha
1070 1165 1198 1234 Osann.
1221 1167 1286 1234 eis.

107 1293 109 1298 ’
238 1273 318 1341 Ath-
341 1270 418 1340 Vol·
443 1271 468 1339 Ι.
491 1294 524 1363 p-
548 1267 735 1356 853'Woll'.
758 1270 802 1338 sd
819 1271 953 1363 Leptin.
975 1296 1010 1364 p.
1035 1272 1109 1340 253.
1132 1279 1168 1338 et
1182 1293 1285 1364 prae-

82 1443 87 1457 .
220 1386 291 1444 'ter
302 1377 400 1444 Dem.
413 1374 458 1442 de
479 1399 546 1444 nor.
568 1401 604 1469 p.
615 1373 691 1461 254,
714 1373 789 1444 326.
800 1375 903 1442 etiam
919 1375 1028 1444 Strah.
1039 1375 1175 1471 vt1,·p·.
1191 1377 1284 1466 309),
1344 1391 1346 1398 ¹

238 1481 285 1548 ita
307 1499 433 1549 utnon
457 1480 529 1548 sine
553 1504 650 1548 eausa
671 1479 917 1548 Demosthenes·
935 1480 1147 1574 Philippum
1159 1502 1198 1548 eo
1219 1499 1283 1572 po-

238 1587 403 1656 tissimum
425 1583 567 1653 consilio
597 1580 845 1678 expeditionem
870 1583 968 1653 illam
987 1586 1282 1681 suscepissemu-

237 1687 364 1783 tendat,v
385 1703 424 1757 nt
444 1691 591 1768 Pontum
611 1689 784 1757 Euxinum
803 1690 978 1783 ipsamque
992 1741 995 1762 ,
1007 1691 1109 1759 etiam
1128 1687 1284 1784 Propon-

158 1809 159 1812 ’
238 1791 341 1862 tidem
369 1813 483 1885 posset
497 1819 570 1862 sua
583 1795 636 1862 -in
662 1805 825 1888 potestate
846 1812 981 1862 'tenere‘
1000 1812 1035 1862 et
1062 1791 1284 1862 Athenienses
1371 1791 1372 1802 ’

170 1945 172 1950 -
237 1899 400 1966 humenti
428 1915 617 1970 commeatu
645 1899 798 1991 privatos-
822 1897 988 1974 faciliores
1014 1897 1081 1968 sihi
1109 1897 1155 1966 ad
1188 1899 1286 1970 obse-

192 2016 194 2021 “
227 2005 358 2096 ,quium
386 2001 540 2070 reddere.
593 2002 712 2096 quue
741 2005 908 2072 nimirum
936 2003 1077 2073 oonsilio
1104 2002 1283 2095 Philippus

132 2167 133 2172 ,
238 2106 427 2175 Thracibus
455 2107 631 2199 oppressis
648 2130 755 2176 novas
777 2131 841 2200 par
874 2130 948 2174 eam
978 2109 1153 2199 regionem
1180 2107 1283 2186 urbes

237 2209 320 2290 locis
343 2213 541 2306 opportunis
564 2208 745 2294 condebat,
778 2209 932 2282 Diodoro
955 2228 1037 2282 teste
1060 2211 1158 2296 XVI,
1192 2211 1282 2305 μ’)

238 2315 310 2386 Sed
330 2316 450 2386 iisdem
471 2307 553 2412 ipsis
574 2317 724 2410 inceptis
741 2315 862 2386 altiore
894 2317 996 2384 etiam
1017 2317 1086 2388 iam
1107 2334 1181 2384 tum
1200 2315 1281 2383 Phi-

236 2421 352 2516 lippus
380 2422 560 2516 appetiisse
588 2421 730 2489 videtur.
784 2419 954 2513 Cogitssse
983 2421 1074 2490 enim
1102 2445 1182 2488 eum
1208 2437 1281 2488 tum

236 2528 303 2594 iam
325 2525 479 2606 debello
501 2526 575 2616 regi
595 2527 774 2594 Persarum
800 2525 979 2596 inserendo
1001 2517 1100 2594 docet
1120 2525 1214 2605 Dem*
1232 2547 1283 2593 or.

235 2630 325 2698 Phil.
359 2630 419 2700 tv.
449 2655 484 2722 p.
522 2632 595 2720 ¹39·
649 2631 778 2714 Quibus
816 2647 928 2702 tamen
963 2628 1116 2726 Philippi
1149 2627 1281 2713 studiis,

237 2759 346 2829 quum
366 2758 487 2828 magna
516 2733 720 2800 Graecarum
745 2734 930 2804 eivitatium
956 2757 1034 2828 pers
1061 2730 1196 2826 cupide·
1212 2733 1282 2804 eins

236 2841 427 2908 societatem
448 2839 613 2931 arriperet
632 2837 748 2920 (Diod.
771 2829 794 2907 l.'
818 2839 878 2930 n),
909 2840 1108 2932 Byzantium
1135 2855 1283 2906 ceterae-

140 2997 142 3002 .
237 2967 305 3037 que
326 2947 425 3012 urbes
454 2939 497 3008 ad
525 2941 768 3036 Propontidem
789 2945 887 3025 sitae,
917 2968 1002 3017 eum,
1016 2942 1177 3036 Byzantio
1200 2964 1283 3011 oon-

212 3079 214 3086 ’
235 3049 390 3132 sociatae,
413 3045 672 3140 'adversabantur
693 3072 771 3116 cnm
784 3064 926 3143 propter
946 3071 1005 3114 sua
1013 3047 1166 3139 ipsarum
1187 3067 1284 3113 oom-

235 3151 353 3237 moda,
383 3169 457 3222 tum
483 3153 566 3247 ipsis
594 3152 686 3220 haud
714 3152 819 3220 dubie
845 3153 887 3220 ab
908 3151 1171 3238 Atheniensibus
1193 3151 1282 3217 inei-

236 3273 340 3340 tatae,
373 3247 416 3327 in
448 3281 596 3351 quornm
631 3259 823 3326 societatem
852 3257 1051 3350 Byzantium
1079 3279 1164 3326 eum.
1191 3254 1280 3324 Chio

234 3359 423 3455 Rhodoque
435 3361 585 3430 redierat
599 3360 738 3454 Olymp.
747 3362 825 3437 CVI
836 3387 864 3428 a.
880 3386 911 3442 n,
936 3385 1003 3454 quo
1012 3356 1145 3446 bellum
1158 3356 1279 3426 sociale

236 3466 459 3560 compositum
481 3485 539 3535 est.
585 3467 695 3551 Quam
717 3465 760 3532 ob
787 3489 861 3532 rem
883 3464 1124 3532 Demosthenes
1145 3461 1279 3555 Philip-

235 3593 321 3662 pum
341 3569 593 3639 ob-reeusatam
619 3568 721 3652 belli,
753 3568 845 3662 quod
878 3567 1034 3638 adversus
1055 3568 1279 3636 Athenienses

323 3889 389 3948 etim
420 3909 475 3948 una
506 3911 573 3950 cum
594 3889 736 3981 legatione
759 3891 909 3972 Byzantia,
937 3887 1041 3950 eodem
1063 3877 1129 3950 loeo
1151 3882 1285 3949 comme?

323 3988 439 4048 morah,
452 3999 515 4059 ¹pet·
536 3998 568 4036 se
590 3993 813 4038 consentaneum
835 3993 887 4038 est.

281 4089 307 4178 ')
330 4077 401 4156 liade
423 4093 578 4160 illustretur
601 4097 750 4160 Strabonis
771 4099 862 4177 locus,
885 4109 972 4183 quem
995 4119 1083 4182 supra
1091 4095 1279 4158 laudavimus.
