2712 4762
604 291 607 298 ’
673 305 829 410 ..rr-

233 477 478 544 Chersonesum
502 473 822 566 Hellespontumque
854 473 1025 540 mittendis
1048 474 1091 561 (ν.
1114 495 1186 566 cap.
1212 475 1270 540 lV.

231 581 273 661 6).
327 579 518 648 Auentinum
542 579 645 668 igitur
666 580 793 644 venisse
831 579 977 644 Athenas
1003 595 1094 669 patet
1123 596 1181 644 aut
1214 577 1270 644 Ol.

233 684 331 770 clx,
361 683 380 750 3
410 698 467 746 eut
497 677 551 746 Ol.
582 680 678 759 CIX,
702 682 732 766 4.
780 684 817 747 ln
842 680 895 748 Ol.
921 681 1009 747 Clll.
1034 685 1052 748 3
1077 689 1272 772 cdmpetunt

232 785 465 853 Demosthenis
495 790 610 854 verba:
644 789 694 851 καὶ
714 787 764 864 γτὸ
793 789 849 868 μὲν
880 786 918 870 δὴ
948 786 1016 870 πρὸ,
1041 792 1096 850 τοῦ
1128 791 1273 868 πολεμεῖν

131 908 136 919 ’
231 895 409 1020 φανερῶς
438 891 698 974 συναγωνίζεσθαι
739 893 882 978 Φιλίππῳ
911 889 1011 956 δεινὸν
1036 891 1176 971 444.-
1135 893 1274 965 -πῶς

231 995 291 1082 μὰρ
319 993 372 1075 οὔ,
407 993 487 1058 κατὰ
520 999 577 1077 τῆς
604 996 715 1076 nancti)
715 1003 762 1070 ’.ος
790 991 910 1058 ὃότειῗ
948 996 973 1057 εἰ
999 993 1162 1074 βοοῆεσθε,
1200 992 1273 1058 δότε

237 1099 322 1188 αὐτῷ
344 1102 447 1162 τοῦτο.
477 1096 556 1162 Ἀλλ’
578 1095 683 1180 ἐπειδὴ
706 1103 876 1182 φανερῶς
898 1097 958 1180 ἤδη
982 1096 1027 1161 εἰν
1048 1103 1166 1162 πλοῖα
1189 1099 1274 1162 ἐσε-
1328 1170 1329 1179 ¹

232 1203 395 1285 σνλητο,
426 1198 626 1286 Χερρόνησος
658 1203 839 1284 ἐπορθεῖτο,
871 1203 918 1266 ἐπὶ
948 1198 1006 1285 τὴν
1029 1198 1170 1284 Ἀττικὴν
1197 1198 1273 1264 ἐνιό-

233 1305 336 1434 ρειιεθ’
359 1302 538 1390 ἅνθρωπος,
563 1303 659 1369 οὐκέτ
690 1304 765 1369 ἐν’
749 1332 768 1368 α
768 1305 1014 1432 μφισβητηρίμῳ
1040 1302 1081 1367 τὰ
1103 1301 1273 1388 πράγματα

230 1402 280 1494 ἦν,
305 1407 370 1474 ett’
392 1403 553 1490 ἐνειστήκει
568 1403 754 1489 πόλεμος,“
736 1433 752 1472 ο
776 1433 813 1488 τι,
826 1409 883 1489 μὲν
905 1406 1021 1474 πώποτ’
1044 1405 1173 1492 ἔπραξεν
1193 1403 1272 1493 ὖιιὶρ

230 1509 320 1596 ὑμῶν
341 1507 358 1576 ὅ
380 1509 537 1592 βάσκανος
559 1506 664 1576 οὑτοσὶ
683 1510 918 1599 ἰαμβειοφάγος,
952 1510 1007 1576 οὒκ
1029 1509 1068 1575 tte
1089 1511 1152 1595 ἔχοι
1175 1513 1272 1588 δεῖξαι

233 1618 283 1707 (p.
312 1614 375 1703 273
414 1620 493 1704 οφ),
526 1606 647 1704 quibus
675 1615 796 1680 verbis·
819 1615 1055 1682 Demosthenes
1084 1616 1201 1682 transit
1230 1611 1274 1698 ed

213 1717 433 1788 ¹consitutum
456 1717 623 1784 Aeschine
646 1735 779 1784 auctore
801 1717 925 1786 bellum
938 1719 1187 1810 Amphissense‚
1210 1741 1273 1808 per

232 1819 326 1916 quod
347 1821 508 1914 Philippo
533 1819 709 1888 Graeciam
729 1819 911 1888 invadendi
940 1840 1082 1914 potestas
1110 1821 1203 1886 lacta·
1216 1824 1271 1887 sit
1336 1889 1337 1912 ρ

230 1927 445 2018 Navigiornm
476 1922 573 1990 illum
605 1942 740 2018 raptum
774 1925 1040 2019 Chersonesique
1076 1923 1273 1992 devastatio·

231 2054 321 2111 nem,
342 2053 418 2134 per
428 2053 512 2120 quae
543 2027 672 2096 bellum
695 2049 790 2097 antea
813 2030 955 2124 gliscens
977 2019 1089 2149 palam
1109 2032 1271 2096 exarsisse

134 2216 136 2220 y
232 2099 474 2202 Demosthehes
506 2131 605 2213 dicit,
636 2132 679 2199 ad
708 2133 762 2201 Ol.
794 2136 888 2216 CIX,
921 2135 943 2220 4
972 2137 1139 2225 pettinere
1167 2159 1271 2226 supra

232 2241 319 2331 (cap.
344 2238 403 2305 lV
427 2261 479 2305 nr.
504 2245 633 2330 7sqq.)
663 2225 854 2320 docuimus,
885 2257 917 2305 et
947 2236 1046 2324 illum
1068 2236 1204 2331 quidem
1228 2239 1271 2304 ed

230 2341 590 2410 Hecatomhaconem
580 2366 648 2408 tam
677 2359 734 2409 ant
768 2344 1046 2434 Metagitnlonem
1081 2343 1138 2408 01
1177 2343 1271 2423 CIX,
1336 2387 1337 2436 1

231 2445 262 2530 4.
310 2448 416 2528 Quam
440 2446 483 2512 ob
513 2470 584 2512 rem
612 2447 803 2514 Anaxinum
829 2466 940 2539 patent
965 2449 1112 2515 Athenas
1143 2448 1272 2514 venisse
1336 2493 1337 2520 ν

231 2547 288 2616 Ol.
314 2549 404 2630 CIX,
428 2552 466 2633 33
498 2567 530 2616 et
560 2550 741 2618 verisimile
775 2570 841 2632 est,
874 2552 930 2618 Ol.
955 2552 1051 2633 (ΠΧ,
1075 2554 1094 2620 3
1119 2569 1270 2640 exeunte,

167 2707 172 2716 .
232 2679 298 2743 qno
322 2671 472 2745 tempore
496 2655 714 2721 Athenienses
737 2653 822 2722 clam
846 2655 887 2722 de
910 2654 1132 2722 liberandis'a
1154 2668 1272 2747 tyran-

231 2755 310 2822 nide
334 2757 487 2832 Euboeae
515 2759 669 2838 urbibus,
704 2759 833 2826 Eretria
857 2761 1026 2853 Oreoqne,
1049 2760 1190 2850 agebant
1212 2757 1271 2826 de-

230 2885 296 2952 que
318 2861 473 2926 subsidiis
507 2863 543 2926 in
574 2844 828 2954 Hellespontum
857 2863 1042 2946 mittendis,
1066 2861 1271 2955 Selymbria-

230 2966 282 3030 nis
314 2966 508 3056 praesertim
537 2964 742 3033 auxiliatoris
773 2975 814 3050 (v.
846 2991 917 3059 cap.
943 2967 998 3035 IV.
1030 2991 1081 3032 nr.
1115 2969 1148 3048 (ν’,
1172 2991 1202 3056 7,
1227 2971 1287 3052 8),⁴

227 3069 421 3138 An'axinum
444 3095 462 3135 a
484 3068 641 3161 Philippo
666 3071 811 3138 Athenas
833 3073 972 3138 missum
998 3095 1067 3138 esse
1089 3071 1132 3135 ad
1154 3053 1295 3163 explsp.

227 3172 612 3260 ratidauAtheniensium
640 3175 795 3242 consilia:
836 3177 905 3243 lam
934 3200 1010 3244 vero
1040 3176 1270 3243 testimonium

212 3275 272 3362 ¹tle
295 3275 503 3361 clandestino
525 3279 701 3344 Aeschinis
731 3303 807 3346 cum
837 3282 987 3348 Anaxino
1011 3302 1186 3370 congressu
1211 3278 1269 3345 da-

230 3397 299 3448 tum
322 3396 371 3446 est
392 3379 620 3463 Demostheni,
641 3399 819 3475 postquam
853 3384 1023 3450 Anaxinus
1046 3382 1269 3474 comprehen-

227 3508 283 3550 sus
307 3499 356 3550 est
378 3501 411 3549 et
433 3483 622 3576 damnatus:
635 3521 639 3527 ·
654 3488 764 3552 εἰδέναι
792 3491 947 3573 Αἰσχίνην
967 3527 1015 3586 5·
1044 3485 1267 3571 συνερχόμενον

142 3619 151 3626 ·
228 3588 337 3664 νοκτός
359 3626 400 3638 -
423 3589 473 3654 καὶ
503 3589 773 3675 κοινολογούμενον
795 3592 952 3680 Ἀναξίνῳ,
977 3593 1019 3668 ’ὂς
1042 3593 1187 3676 ἐκρίθη
1211 3587 1266 3655 εἶ-

157 3729 166 3738 ·
229 3719 289 3758 ναι
319 3692 571 3770 κατάσκοπος
604 3695 711 3779 παρὰ
743 3698 959 3776 (Ιιιλίνιιιοο,
996 3697 1112 3786 itaque
1151 3691 1264 3760 datum

229 3813 276 3860 est
299 3815 373 3885 post
395 3794 448 3862 Ol.
475 3797 570 3876 ClX,
605 3800 643 3878 33
675 3797 733 3862 sed
757 3801 903 3889 quaestio
939 3817 1001 3878 est,
1037 3816 1147 3866 utrum
1174 3798 1265 3862 brevi

228 3918 402 3989 postquem
432 3899 581 3967 absoluta
613 3920 696 3967 esset
733 3927 827 3966 eurise
866 3901 1078 3995 exploratoris
1107 3902 1261 3974 Anaxini,

227 4028 266 4066 σιν
292 3999 427 4068 demum
450 4005 605 4070 in·usttm
629 4007 731 4095 ipsius
745 4007 885 4088 ¹ustionis
910 4003 952 4070 tle
975 4031 1106 4084 corona,
1130 4005 1193 4070 hoe
1216 4021 1262 4068 est

227 4131 313 4174 anno
338 4107 482 4199 quodam
506 4109 593 4178 inter
623 4107 677 4180 01.
703 4109 782 4192 CX,
812 4112 830 4178 3
863 4127 897 4182 et
919 4109 1029 4194 CXII,
1061 4113 1090 4218 3.
1138 4109 1262 4174 Dicunt
