2750 4772
525 321 684 430 Α
770 280 772 288 ,

81 495 117 558 in
141 487 277 562 Euboea
301 485 523 582 tyrannorum
544 487 731 559 dominatio
752 488 863 570 suerit,
886 509 955 582 quo
976 501 1128 584 tempore

81 597 303 665 Athenienses
338 592 541 686 legationem
577 595 613 660 in
645 593 817 664 Euboeam
850 595 1023 660 miserunt.
1084 595 1129 660 Et

80 701 181 768 luisse
202 723 240 766 re
261 712 342 783 vere
360 699 428 766 iam
449 715 522 766 tum
555 697 714 791 temporis
742 695 947 766 Clitarchum
974 697 1144 786 Eretriae

81 824 265 898 tyrannum
293 802 477 872 Aeschines
503 804 679 896 perspicue
707 799 807 870 docet
835 826 881 870 or.
909 803 947 868 in
979 801 1067 871 Ctes.
1089 827 1125 895 p.

79 911 125 978 68
146 906 236 976 med.
657 905 661 910 ’
930 927 932 934 ·

168 1011 230 1079 His
252 1012 356 1102 igitur
376 1012 522 1079 excussis
552 1011 687 1079 certiori
717 1011 785 1076 iam
815 1011 867 1078 via
897 1011 1126 1102 quaestionem

79 1115 124 1183 de
147 1133 298 1210 tempore
325 1114 502 1209 legationis
528 1113 621 1182 illius
643 1115 811 1184 Euboicae
839 1116 997 1207 persequi
1029 1134 1127 1208 pote·
1190 1201 1193 1210 Δ

78 1223 195 1288 rimus.
240 1221 282 1288 In
312 1243 381 1312 quo
414 1219 454 1287 id
479 1221 632 1314 primum
661 1237 789 1288 constat
816 1243 852 1287 ex
873 1219 993 1288 Aesoh.
1015 1242 1063 1289 or.
1086 1223 1125 1290 in

80 1325 170 1392 Ctes.
193 1349 227 1419 p.
249 1325 293 1414 67
315 1342 408 1406 extr,
429 1322 629 1415 legationem
649 1324 794 1404 missam,
819 1339 877 1390 aut
898 1339 987 1392 certe
1009 1323 1128 1394 decre-

80 1447 149 1498 tam
171 1453 240 1498 esse
262 1451 377 1496 mense
398 1421 674 1509 Anthesterione,
702 1452 804 1521 quem
829 1427 1125 1499 Anthesterionem

78 1534 181 1601 luisse
204 1533 344 1626 Olymp.
368 1531 450 1600 CIX
478 1533 558 1600 anni
588 1551 646 1600 aut
665 1534 786 1628 primi,
809 1551 866 1600 aut
886 1533 1045 1616 secundi,
1067 1554 1125 1606 aut

79 1636 228 1731 denique
257 1637 349 1704 tertii
379 1659 514 1706 necesse
537 1654 602 1719 est,
634 1654 668 1704 et
689 1634 784 1730 quod
806 1635 945 1730 Olymp.
969 1636 1067 1722 CIX,
1105 1665 1117 1706 1

78 1741 258 1835 Philippus
281 1742 438 1810 Euboeae
467 1742 650 1834 imperium
678 1740 837 1808 vIolentia
864 1743 1015 1833 primum
1047 1767 1124 1814 coe·

3 1915 4 1938 ,
78 1848 131 1939 pit
152 1846 314 1927 affectare,
338 1862 371 1914 et
393 1843 487 1938 quod
509 1844 649 1938 olymp.
674 1842 768 1926 CIX,
791 1845 813 1930 4
836 1844 1047 1925 Clitarchu'm
1069 1850 1124 1915 in-

3 1941 4 1946 *
78 1949 149 2018 sula
172 1951 348 2044 expulsum
376 1951 444 2017 iam
474 1974 544 2018 esse
566 1949 738 2044 Diodorus
759 1950 872 2020 refert.
917 1951 989 2020 Ism
1009 1953 1122 2044 primo
1253 1961 1255 1968 ’

3 2063 4 2152 3
78 2077 166 2122 anno
189 2053 329 2148 Olymp.
358 2054 450 2136 CIX,
473 2057 603 2124 etiamsi
631 2077 671 2122 eo
697 2055 765 2125 iam
789 2054 968 2147 Philippus
994 2069 1124 2126 merce·

3 2155 4 2228 i
77 2158 189 2226 uarios
211 2161 256 2226 in·
271 2159 442 2230 Euboeam
469 2159 614 2242 miserat,
635 2157 753 2228 foedus
776 2177 886 2227 tamen
909 2161 997 2229 iuter
1016 2163 1123 2229 Athe-

79 2265 223 2343 nienses,
244 2283 277 2332 et
306 2264 452 2333 civitates
480 2256 646 2331 Euboicas
674 2265 779 2332 ictum
807 2287 876 2330 esse
901 2287 972 2333 non
998 2269 1121 2361 potuit.

78 2367 165 2432 Nam
187 2369 223 2434 in
247 2391 295 2436 or.
317 2397 350 2436 π,
374 2394 524 2456 negano„
550 2367 690 2460 Olymp.
712 2369 815 2458 igitur
826 2368 915 2449 CIX,
940 2392 971 2449 a,
992 2369 1121 2462 ubique

3 2481 4 2534 i
78 2471 319 2540 Demosthenes
349 2472 522 2541 Euboeam
550 2473 592 2538 ab
619 2471 878 2539 Atheniensibus
900 2471 1125 2551 abalienatam,

78 2577 314 2669 conqueritur3
336 2579 441 2646 immo
463 2602 497 2671 p.
521 2575 586 2662 364
608 2576 818 2645 Euboeenses
846 2576 1042 2660 καταράτους
1062 2589 1121 2645 ve·
1191 2565 1193 2570 ’

78 2697 140 2762 eat,
163 2682 327 2748 nimirum
350 2681 443 2775 quod
471 2681 677 2774 nuperrimis
698 2680 955 2748 Atheniensium
981 2682 1120 2752 monitis

55 2801 112 2882 ¹et
144 2785 432 2860 cohortatIonihus
457 2804 514 2854 aut
539 2785 753 2854 Atheniensis
786 2785 940 2853 factionis
970 2785 1120 2876 consiliis

78 2889 308 2984 obtemperare
338 2890 545 2984 denegarint.
569 2927 609 2942 ·-
633 2891 679 2961 In
696 2889 956 2959 Anthesterione
979 2888 1119 2983 Olymp.

78 2993 170 3077 CIX,
193 3019 213 3062 α
237 2998 430 3090 conspirant
450 2997 612 3090 plurima:
635 2996 796 3087 primum,
819 2991 912 3085 quod
923 2991 1122 3062 Demosthe·

75 3123 135 3164 nes
157 3101 290 3167 missam
318 3125 387 3167 esse
413 3100 616 3193 legationem
643 3098 746 3180 dicit,
779 3095 871 3184 ἡνίκα
903 3103 961 3184 τῆς
981 3098 1121 3183 Εὖβοίας

78 3199 112 3294 [ὃ
139 3204 308 3296 Φίλιππος]
332 3205 458 3292 ἥπτετο,
482 3223 556 3272 tum
576 3202 672 3296 quod
691 3203 875 3270 Aeschines
897 3224 946 3268 or.
969 3189 1007 3270 ih
1029 3200 1119 3272 Cres.

74 3331 110 3398 p.
144 3308 187 3376 68
218 3309 429 3378 Clitarchum
458 3328 529 3377 tum
567 3309 727 3400 temporis
757 3308 905 3376 Eretriae
938 3323 1120 3400 tyrannum

74 3412 177 3480 luisse
190 3411 298 3496 docet,
323 3415 435 3482 Oritas
448 3430 560 3483 tamen
574 3410 885 3502 δημοκρατὸνμένους
897 3428 1003 3505 vocat,
1026 3409 1120 3502 quod
1215 3399 1217 3406 ¹

76 3514 120 3581 ad
140 3516 433 3586 AnthesterIonem
460 3505 598 3613 Olymp.
622 3517 718 3600 CIX,
750 3520 770 3587 3
794 3516 965 3588 difficilius
986 3511 1121 3588 videtis

75 3621 195 3687 referri
216 3647 330 3714 posse,
358 3621 504 3715 denique
527 3641 560 3692 et
581 3625 740 3703 maxime,
763 3621 856 3714 quod
878 3620 1066 3704 decrevisse
1083 3643 1120 3712 so

75 3724 280 3818 legationem
302 3727 485 3795 Euboicam
501 3727 742 3795 Demosthenes
764 3725 849 3797 <licit
871 3725 928 3815 (de
950 3749 1018 3794 cor.
1042 3729 1120 3807 aba)

74 3846 152 3920 post
178 3828 379 3922 legationem
405 3831 742 3924 Peloponnesiacam,
779 3856 880 3924 quam
916 3844 991 3923 sup.
1019 3827 1042 3895 l.
1073 3827 1119 3898 ad
1171 3833 1176 3840 ’

76 3929 346 4027 ΟΙγωΡ.Ὀ[Χ,
376 3962 395 4002 a
424 3935 600 4003 retulimus
630 3959 670 4002 ex
692 3939 789 4006 Dem.
811 3960 860 4003 or.
884 3934 1032 4031 Philipp.
1055 3935 1118 4014 lll,

74 4059 110 4131 p.
139 4063 214 4128 129,
249 4044 375 4131 etipse
398 4041 700 4109 etiam-Aeschines
723 4043 776 4128 (in
799 4037 887 4106 Ctes.
911 4065 944 4132 p.
966 4042 1026 4132 67)
1043 4041 1118 4104 lle·

75 4142 345 4226 mosthenem'ea
367 4169 406 4212 ex
427 4143 591 4238 logatione
605 4170 784 4236 mucosum,
808 4169 910 4242 quam
922 4146 1118 4245 nuperritnc
