2706 4782
789 255 835 352 ao

731 373 890 398 m

285 475 362 522 sum
382 451 565 533 miserunt,
588 453 649 546 qui
671 453 894 546 impressione
916 456 954 522 iu
965 451 1146 542 Arcadiam
1165 456 1254 524 facta
1274 458 1323 527 ho-

285 576 350 626 stes
372 558 540 626 Laconica
572 557 731 628 recedere
763 560 874 652 coegit
903 561 1074 653 (Xenoph.
1103 558 1126 627 l.
1159 586 1188 630 c.
1212 563 1281 644 VI,
1302 568 1340 660 5„

284 664 315 751 5.
336 661 392 754 49,
414 686 488 754 sqq.
534 662 637 732 Diod.
661 663 696 732 S.
718 663 797 747 XV,
818 665 874 744 62,
895 665 972 754 63>3
994 663 1197 757 foedereque
1213 667 1340 748 exinde}

282 767 370 840 facto
392 791 501 860 usqne
524 767 567 834 ad
582 793 732 862 pugnam
744 769 993 836 Mantinensem
1011 787 1146 838 strenue
1169 795 1250 838 cum
1273 769 1340 838 La

282 870 508 1047 pedaeptoplrps
536 871 692 942 adversus
719 874 898 942 Thebanos
927 873 1131 966 pugnabant.
1175 876 1340 976 Xenoph

332 999 350 1042 c

281 1200 313 1268 6.
325 1221 370 1292 p.
387 1194 513 1293 259.τ
485 1229 529 1271 ων
548 1200 610 1272 ὕπὸ
634 1205 821 1294 Θεμῖσωνος
835 1209 885 1274 καὶ
906 1201 1074 1294 Θεοδώρου
1095 1207 1165 1294 napi
1184 1193 1340 1295 Ὠρωπὸνγ

285 1307 489 1394 {ibernia
548 1333 551 1345 ·
725 1357 727 1361 ι

649 1423 653 1432 -
707 1361 769 1454 Olym
748 1413 792 1454 nup
808 1397 905 1445 clins
953 1431 956 1434 .
1066 1433 1069 1440 .

315 1533 318 1541 ·
370 1498 509 1593 Oropus
531 1501 698 1624 oppidum
709 1521 780 1570 crat
791 1503 829 1569 in
846 1501 994 1570 confinio
1012 1501 1143 1570 Atticae
1158 1503 1320 1572 Boeotiae·

174 1622 179 1627 “
282 1625 356 1694 que
372 1602 416 1670 ad
439 1607 605 1700 Euripum
625 1609 744 1691 situm,
775 1608 830 1675 cui
852 1609 890 1673 in
918 1608 1073 1699 opposita
1094 1607 1251 1676 Euboeae
1271 1632 1321 1674 ora

164 1781 168 1788 ,
278 1707 413 1776 Eretria
434 1716 513 1778 urbs
534 1711 577 1797 4ο
600 1712 784 1780 stadiorum
803 1710 981 1785 intervallo
1013 1736 1054 1782 ex
1081 1711 1250 1780 advesffso
1240 1736 1319 1778 iace·

278 1810 358 1882 bat..
376 1812 500 1882 ·.Strab
532 1817 596 1899 lX,
623 1843 657 1938 p.
675 1801 751 1907 399,
772 1815 847 1902 403.
898 1817 1049 1884 Locus
1039 1840 1067 1884 ιι
1095 1815 1186 1884 haud
1218 1815 1319 1909 exigui

278 1931 348 1986 erat
369 1922 552 2003 momenti,
585 1923 683 2012 quia
691 1945 765 2012 per
778 1945 857 1988 eum
877 1923 1041 1988 terrestris
1063 1941 1266 1990 commeatus
1286 1943 1316 1986 ex

278 2017 420 2088 Euboea
439 2025 575 2091 veniens
597 2026 635 2090 in
657 2026 886 2096 continentem
917 2027 1019 2093 etin
1040 2026 1158 2117 primis
1180 2027 1218 2092 in
1240 2027 1317 2093 Atti·

278 2128 628 2220 camimportabatur.
674 2129 783 2226 Thuc.
813 2131 891 2211 VII,
915 2133 967 2198 28.
1013 2128 1131 2196 Talem
1153 2131 1260 2220 igitur
1280 2130 1315 2196 ob
1339 2189 1340 2194 ,

277 2231 382 2300 situm.
402 2249 435 2306 et
457 2233 688 2302 conditionem
710 2259 751 2302 ex
776 2233 1003 2302 vetustissimis
1032 2235 1243 2327 temporibus
1270 2258 1314 2300 us-
1339 2287 1340 2338 4

275 2327 344 2428 ilua
366 2335 411 2404 ad
428 2357 611 2408 extremam
632 2339 787 2433 Philippi
810 2357 948 2424 aetatem
971 2339 1108 2431 Oropus
1130 2342 1311 2408 continuam
1339 2339 1340 2346 '

273 2440 535 2514 Atheniensibus
555 2445 795 2539 Thebanisque
812 2445 1057 2514 controversiae
1079 2461 1112 2510 et
1135 2441 1308 2526 certaminis

224 2595 226 2602 ·
273 2551 450 2619 materiam
462 2551 620 2618 offerebat
630 2549 713 2645 (Str.
727 2553 787 2632 IX,
803 2577 837 2642 p.
850 2552 924 2638 399.
938 2551 1033 2616 Paus.
1047 2549 1074 2630 I,
1086 2548 1155 2636 34),
1178 2567 1211 2616 et
1223 2550 1313 2616 utris·

275 2675 344 2742 que
376 2654 452 2719 iure
483 2654 547 2726 sibi
579 2677 658 2718 eum
692 2653 940 2720 vindicantibus
979 2654 1104 2721 borum
1143 2653 1312 2724 illorumve

229 2781 233 2799 ‘
272 2755 522 2858 piaevalentem
544 2756 588 2822 ad
608 2759 740 2849 tempus
760 2775 958 2851 potestatem
970 2757 1190 2851 sequebatur.
1231 2757 1314 2824 Belli

272 2861 551 2954 Peloponnesiaci
592 2878 744 2954 tempore
781 2863 1041 2932 Atheniensium
1080 2865 1171 2932 inter
1211 2851 1339 2932 socios*

271 2964 429 3054 ὕπηκόους
455 2965 558 3033 fuisse
586 2965 750 3058 Oropios,
782 2986 973 3038 auctorest
1001 2967 1156 3060 Thucyd.
1187 2968 1239 3050 ΙΙ,
1268 2968 1310 3034 ai

274 3057 413 3164 ΟΙ9ιιι9ι.
437 3070 563 3152 XCIII,
585 3070 607 3157 4
641 3095 758 3138 eversa
775 3088 863 3142 terra
884 3075 1038 3164 marique
1060 3055 1310 3138 Atheniensium
1335 3123 1338 3138 ,

272 3193 436 3276 potestate
468 3177 521 3242 sui
553 3176 632 3242 iuris
658 3177 757 3242 urbs
768 3175 853 3275 facta
882 3173 1015 3245 videtur
1045 3199 1124 3244 esse.
1180 3175 1313 3269 Olymp.

156 3319 159 3324 Δ
272 3284 365 3356 enim
388 3281 516 3363 XCIV,
557 3283 576 3349 3
622 3281 733 3372 Oropi
762 3284 851 3354 cives
882 3279 1087 3347 seditione
1077 3299 1166 3348 mter
1196 3306 1232 3348 se
1265 3306 1338 3348 ax-

272 3389 370 3457 citata
391 3384 572 3454 nonnullos
595 3410 635 3452 ex
656 3385 739 3450 urbe
762 3384 973 3478 expulerunt.
1020 3387 1086 3471 Qui
1115 3385 1159 3453 ad
1187 3403 1314 3478 tempus

270 3490 421 3584 aliquod
442 3489 591 3573 reditum
618 3490 768 3589 propriis
797 3491 923 3562 viribus
953 3491 1017 3558 sibi
1045 3489 1228 3558 conciliare
1259 3515 1314 3556 an

268 3599 341 3672 nixi
371 3620 449 3668 cum
481 3613 599 3686 coepta
622 3590 666 3658 ad
688 3585 791 3664 finem
807 3619 1003 3686 permovere
1023 3597 1136 3662 minus
1158 3595 1313 3672 valerent,

202 3775 205 3783 ,
268 3703 447 3776 Thebanos
475 3687 653 3793 rogabant,
687 3715 725 3765 ut
751 3700 818 3765 suis
852 3700 941 3792 ipsos
969 3702 1077 3793 copiis
1104 3692 1308 3766 reducerent

267 3805 314 3881 lli
337 3805 550 3899 expeditione
579 3804 616 3869 in
652 3803 970 3897 Oropiossuscepta
999 3804 1083 3870 urbe
1104 3805 1205 3894 potiti
1229 3819 1309 3882 suut,
1336 3881 1337 3900 ¹

268 3934 410 4004 eamque
431 3907 474 3974 ad
495 3906 624 4001 septem
646 3906 750 3974 stadia
780 3906 912 4001 longius
936 3935 955 3974 a
981 3909 1068 3975 mari
1089 3925 1312 3976 removerunt
1336 3919 1337 3923 ’

267 3999 346 4107 Quo.
373 4013 461 4087 facto
488 4032 669 4108 postquam
695 4011 843 4104 primum
865 4013 1005 4105 Oropiis
1034 4037 1107 4078 rem
1140 4013 1312 4105 publicam

266 4117 409 4222 popolo.
426 4118 562 4197 attiuh
589 4115 770 4221 gerendam
788 4119 1020 4219 permiserant,
1044 4119 1177 4186 civitate
1191 4113 1314 4186 deinde
