2712 4762
186 449 192 464 ,
269 379 444 454 commista
477 385 536 454 ett'
562 401 596 454 et
631 383 676 452 ad
708 403 826 456 notum
864 387 991 456 flumen
1025 387 1230 480 Cephissum
1266 395 1298 476 (v.

269 513 341 583 cap.
364 488 432 578 V.).
774 509 777 520 ¹

356 592 513 685 Denique
543 592 587 661 ad
626 593 831 664 Salaminem
861 595 1005 663 Atticam
1038 617 1189 688 pugnam
1229 597 1300 662 hana

269 698 407 766 omnino
428 697 639 766 referendam
667 723 751 781 ease,
782 701 833 766 rei
862 700 961 771 etiam
979 711 1099 794 ‘gestae
1126 703 1217 769 ratio
1250 698 1316 772 cla-i

267 802 396 868 tissime
419 801 535 886 docet,
569 827 655 896 quae
682 805 720 871 in
750 803 884 872 decreto
917 802 1063 876 iudicata
1085 820 1143 872 est.
1193 806 1318 916 Chari-⁴

269 902 386 972 demus
408 907 515 988 enim,
545 903 634 976 ὅέπῖ
654 933 682 976 τ.
713 904 834 989 ὅπλων,
869 910 906 974 iu
929 905 1131 974 Salaminem
1152 909 1302 989 mittitur,

269 1032 339 1076 non
360 1011 549 1092 comitante,
571 1029 610 1078 ut
630 1013 791 1104 auspicor,
814 1011 977 1092 Diotimo,
1000 1037 1044 1104 τῳ
1028 1015 1153 1097 ”inlu
1174 1015 1301 1080 ἱππέων·
1297 934 1320 1080 ·i

270 1112 395 1180 dicitur
421 1115 525 1180 enim:
555 1117 815 1202 Χαρίδημος-
848 1116 1034 1195 ἀποσταλεὶς
1061 1120 1104 1194 εἰς
1131 1122 1321 1203 Σαλαμῖνα,

269 1219 320 1284 καὶ
347 1217 564 1304 Δςότνμος-
583 1219 806 1300 καθώπλισαν,
840 1243 910 1286 non
939 1223 1126 1308 Χαρίδημος
1152 1225 1207 1290 καὶ
1236 1222 1304 1291 Διό
1322 1246 1323 1288 t

268 1345 359 1406 τιμος
393 1322 618 1400 ἀποσταλέντες
650 1325 693 1400 εἷς
727 1327 804 1390 Σαλ.
842 1322 1055 1392 καθώπλισαν.
1109 1325 1161 1392 lbi
1197 1349 1325 1422 pugna¹

270 1427 487 1494 committitur
508 1429 556 1494 tut
588 1432 645 1494 soi
666 1433 824 1512 ποταμοῦ,
857 1429 893 1493 in
916 1453 984 1520 qua
1005 1427 1128 1495 milites
1150 1421 1326 1498 nonnulli,

270 1531 379 1617 (τινές)
402 1534 487 1598 caesi
518 1532 560 1598 ab
593 1530 744 1598 hostibus
769 1531 965 1624 spoliantur.
1012 1532 1087 1616 Quo
1109 1529 1205 1600 sacto
1227 1532 1305 1598 Cha·

245 1627 417 1712 ,ridemus
440 1653 473 1702 et
493 1635 661 1703 Diotimus
683 1635 750 1702 suis
780 1636 966 1756 sumptibus
989 1632 1198 1727 octingentos
1224 1638 1306 1703 iuva

268 1762 328 1804 nes
358 1739 485 1832 clypeis
522 1741 702 1807 instruunt
765 1740 882 1806 Gur
872 1765 1006 1808 iuvenes
1037 1741 1250 1830 (νεανίσκους)
1282 1756 1306 1804 et

271 1845 477 1934 octingentos
501 1844 649 1936 quidem,
672 1868 776 1936 quum
799 1845 897 1935 pauci
919 1843 1019 1914 modo
1049 1844 1172 1924 milites
1196 1845 1304 1934 (στρα-

269 1952 392 2034 τιῶται)
414 1947 547 2039 spoliati
569 1947 654 2016 sint?
691 1948 861 2014 Nimirum
886 1947 1104 2015 Charidemus
1127 1972 1207 2013 cum
1230 1973 1307 2040 pau-

270 2053 316 2120 cis
338 2050 438 2119 modo
462 2052 641 2132 militibus,
660 2050 697 2118 h.
716 2075 744 2118 e.
768 2050 916 2142 hoplitis,
939 2054 974 2118 in
993 2051 1195 2144 Salaminem
1212 2052 1308 2118 adve-

269 2173 375 2248 nerat,
399 2159 470 2249 qui,
494 2181 599 2248 quum
620 2155 724 2222 hostis
747 2156 908 2248 ,superior
937 2174 1040 2237 esset,
1063 2157 1148 2222 caesi
1171 2175 1254 2224 suut
1277 2159 1306 2222 in

185 2277 192 2284 “
269 2285 382 2352 pugna
416 2260 459 2327 ad
487 2261 625 2328 fluvium
656 2259 830 2327 commissa
859 2277 891 2326 et
920 2259 1062 2353 spoliati.
1117 2257 1171 2326 Ad
1194 2260 1307 2353 depel-

269 2363 408 2431 lendum
441 2366 543 2457 igitur
569 2365 698 2434 hostem
721 2387 804 2456 opus
827 2380 914 2444 erat,
943 2382 980 2430 ut
1001 2365 1125 2431 maiora
1158 2365 1307 2432 subsidia

271 2495 372 2562 quam
399 2488 535 2560 possent
562 2468 734 2537 celerrime
761 2487 1043 2560 compararentur.
1088 2469 1221 2560 anue,
1253 2469 1309 2536 de-

270 2574 476 2655 ficientibus,
507 2590 544 2639 ut
576 2572 657 2639 inde
688 2573 859 2652 coniicias,
893 2571 1028 2662 hoplitis
1051 2589 1084 2638 et
1105 2571 1187 2640 alibi
1211 2595 1309 2640 occu-

269 2681 372 2771 patis,
407 2687 642 2769 compararunt
677 2675 896 2742 Charidemus
924 2694 956 2743 et
986 2677 1153 2743 Diotimus
1176 2680 1308 2744 armatis

270 2784 470 2872 octingentis
493 2783 677 2848 iuvenibus.
723 2782 927 2872 iuvenesque
947 2799 1003 2848 aut
1025 2779 1198 2847 Salaminii
1221 2801 1307 2860 sunt,

271 2905 328 2955 aut
349 2888 430 2978 ipsis
453 2885 592 2952 Athenis
616 2886 733 2967 acciti3
763 2887 929 2976 posterius
959 2887 1027 2975 veri
1056 2882 1188 2950 videtur
1217 2887 1307 2950 simi-

269 2991 347 3073 lius,
370 2992 397 3058 si
419 2989 585 3058 Diotimus
609 2986 816 3082 expeditioni
847 3012 913 3055 non
936 2987 1170 3070 interfuerit.*)
1216 2989 1308 3072 Quae

271 3097 382 3163 omnia
405 3093 548 3163 multum
569 3093 719 3190 prolecto
743 3092 851 3173 abest,
875 3110 912 3159 ut
932 3097 1062 3186 possint
1083 3090 1126 3159 ad
1149 3091 1306 3186 Cypriam

270 3293 580 3310 Μ

314 3429 337 3509 ”)
360 3428 436 3490 Illud
463 3430 626 3492 Bocchhius
656 3443 767 3504 ceraset,
797 3427 939 3488 dubitanti
967 3427 1049 3502 mibi,
1077 3449 1145 3486 num
1173 3447 1208 3486 ea
1231 3427 1306 3486 Sala·

358 3518 441 3592 taine,
464 3517 568 3576 nullius
590 3515 651 3576 fere
673 3513 873 3596 magnitudinis
895 3514 1002 3590 insula,
1017 3514 1171 3594 octingenti
1192 3515 1305 3574 iuvenes

358 3625 483 3664 marma
506 3605 598 3664 vocan
621 3602 777 3684 potuerint,
794 3597 990 3682 respondens:
1013 3599 1179 3659 Salaminem
1204 3594 1236 3667 ‘la
1259 3622 1306 3659 su·

357 3714 410 3776 pra
432 3688 604 3790 quadratum
625 3689 785 3751 milliarium
806 3688 927 3748 circuitu
949 3701 1057 3768 patere,
1079 3687 1177 3768 itaque
1197 3688 1305 3747 Atticae

358 3795 468 3862 partem
490 3798 551 3836 esse
574 3777 686 3838 circiter
709 3775 866 3836 vicesimam
888 3788 1009 3850 sextam,
1031 3775 1061 3834 in
1083 3794 1140 3856 qua
1162 3772 1237 3833 urbe
1258 3795 1306 3832 ru-

357 3867 443 3948 rique
465 3864 569 3924 multos
591 3861 729 3923 habitasse
751 3862 939 3922 Athenienses
960 3861 1109 3920 verisimile
1131 3861 1177 3936 sit,
1199 3879 1305 3942 eosque

361 3953 504 4018 trrnxirnatn
528 3966 653 4032 partem,
688 3951 740 4032 «ptri
763 3951 817 4031 ipsu
847 3947 931 4007 detno
960 3947 1090 4006 Salamini
1113 3947 1223 4007 accensi
1245 3945 1306 4005 lue-

359 4041 424 4114 rint,
447 4040 528 4096 etiarn
552 4053 644 4096 tamen
668 4057 702 4096 ex
733 4035 793 4096 aliis
825 4035 916 4096 demis
947 4034 1065 4114 multos,
1095 4041 1128 4095 ut
1157 4055 1191 4094 ex
1222 4032 1305 4093 demo
