2740 4774
538 301 694 404 Q

104 488 135 534 et
158 467 278 561 populi
300 467 462 558 scriptum
484 466 598 547 luisse,
627 490 668 532 ex
681 452 682 455 Ἴ
697 467 819 558 quibus
846 467 1015 533 fluxerunt
1042 490 1144 558 pseu-

103 573 312 664 depouymi,
328 573 458 664 quippe
480 591 573 638 mere
601 569 816 652 iudicialem,
846 570 906 637 sed
927 568 1063 636 aliunde
1084 595 1145 662 pe·

102 680 200 743 titum
223 699 292 744 asse
314 691 349 740 et
370 676 513 742 orationi
536 678 710 744 insertum.
755 677 798 741 Et
827 675 969 768 petitum
992 698 1069 740 eum
1092 673 1144 740 di·

100 779 245 848 cendum
275 779 319 848 ait
341 802 382 844 ex
416 779 496 869 ipsis
530 779 608 846 actis
630 778 865 860 iudicialibus,
890 802 948 844 seu
969 801 1082 844 rursus
1105 801 1143 844 ex

10 945 12 948 .
102 886 214 976 aliqua
238 906 353 951 eorum
385 881 592 950 collectione.
644 882 729 949 Inde
757 885 862 974 petita
889 884 989 949 etiam
1018 881 1143 972 proba·

100 989 214 1054 biliter
248 985 369 1052 dixeris
400 989 589 1054 testimonia
622 987 690 1053 duo
714 987 757 1052 de
789 986 957 1053 Aeschine
978 985 1020 1052 ad
1042 1008 1144 1078 agen-

100 1091 178 1157 dam
200 1115 331 1157 causam
353 1088 527 1158 Deliacam
555 1088 696 1183 indiguo
723 1089 874 1158 iudicato
903 1097 949 1183 (p.
974 1098 1050 1180 272)
1084 1088 1143 1155 de-

102 1221 168 1287 que
191 1193 367 1261 Aeschinis
390 1193 595 1262 clandestina
618 1218 697 1261 cum
720 1188 892 1277 Anariuo,
914 1192 1066 1286 Philippi
1090 1217 1146 1259 er·

100 1300 287 1390 ploratore,
316 1296 538 1365 familiaritate
560 1307 606 1390 (p.
631 1300 720 1388 273).
765 1300 811 1368 At
833 1299 970 1366 alterum
985 1298 1145 1364 testimo·

101 1407 196 1470 nium
225 1402 342 1469 datum
371 1419 420 1468 est
449 1401 723 1495 pseudoponymo
755 1403 868 1483 Nicia,
892 1404 969 1495 qui,
996 1403 1025 1468 si
1055 1402 1145 1467 testi-

101 1508 253 1575 monium
274 1504 365 1574 illud
386 1529 427 1572 ex
449 1508 529 1573 actis
558 1504 774 1574 iudicialibus
805 1508 948 1597 petitum
976 1500 1043 1586 est,
1073 1527 1161 1572 non*

72 1605 74 1610 ’
102 1629 211 1701 petest
250 1633 288 1676 ex
322 1609 432 1676 scriba
470 1609 655 1678 seeundum
694 1613 884 1700 prytaniam
925 1625 1021 1675 natus
1064 1633 1143 1676 esse.

101 1716 193 1782 Haec
218 1711 310 1782 haud
344 1714 456 1806 exigua
485 1739 562 1780 sane
591 1711 783 1794 difficultas,
816 1707 921 1808 quum
953 1712 1142 1781 Boeckhius

100 1819 138 1900 (l.
162 1844 189 1884 c.
214 1845 246 1910 p.
271 1818 328 1906 26)
351 1817 394 1884 ad
416 1843 489 1884 eam
512 1817 622 1884 minus
634 1819 828 1909 respexerit,
852 1820 1035 1885 accuratius
1047 1817 1145 1884 nohis
1183 1827 1184 1836 ’
1243 1852 1246 1858 ·

102 1921 212 1989 adhuc
235 1921 437 2014 exploranda
459 1940 619 2014 superest.

189 2028 438 2094 Testimonium
459 2025 544 2120 illud
574 2050 650 2093 cum
678 2025 953 2120 pseudeponymo
974 2025 1072 2092 Nicia
1092 2025 1147 2090 iu-

102 2148 152 2198 sto
176 2131 274 2197 citius
307 2128 350 2196 ad
377 2131 699 2216 Hecatomhaeonem
729 2129 786 2218 Ol.
811 2131 888 2211 CX,
922 2155 933 2196 1
967 2153 1067 2222 supra
1098 2137 1144 2221 (p.

108 2235 182 2320 ι44)
211 2232 402 2316 retulimus,
435 2234 742 2326 quodAnaxinum
765 2233 1005 2326 exploratorem
1027 2257 1149 2324 appro-
1175 2237 1177 2244 ’

46 2423 48 2430 y
103 2340 291 2431 pinquante
312 2337 410 2420 hello,
435 2338 489 2406 Ol.
514 2338 612 2420 CIX,
634 2339 656 2425 4
679 2356 829 2419 exeunte,
852 2338 999 2404 Athenas
1020 2338 1147 2405 venisse

99 2442 323 2536 probabiliter
359 2443 457 2510 nobis
496 2429 640 2512 statuere
671 2463 769 2535 posse
798 2441 1001 2509 videbamur.
1052 2438 1146 2508 Idem
1197 2499 1200 2508 .

105 2548 259 2638 opinatus
288 2566 337 2615 est
367 2547 554 2616 Boeckhius
584 2547 607 2613 l.
639 2571 668 2614 c.
701 2572 736 2638 p.
764 2569 811 2612 12.
855 2546 955 2612 Nunc
974 2564 1088 2618 tamen
1111 2567 1148 2610 re
1234 2603 1237 2614 ,

105 2653 291 2718 accuratius
322 2650 530 2719 considerata
560 2674 629 2719 esse
663 2675 743 2718 sane
777 2648 941 2743 quaedam
977 2651 1149 2728 sentimus,

106 2780 193 2854 quae
215 2756 256 2822 ab
278 2755 341 2822 hac
362 2779 423 2824 nos
446 2755 608 2823 sententia
638 2753 885 2849 quodammodo
912 2753 1080 2821 retrahere
1101 2753 1150 2819 vi-

108 2859 260 2926 deantur.
312 2859 448 2927 Etenim
477 2860 719 2929 Demosthenes
748 2883 795 2926 or.
835 2857 877 2939 de
914 2882 981 2927 cor.
1017 2882 1051 2948 p.
1085 2879 1152 2946 apa
1211 2935 1213 2947 ,

106 2963 308 3032 Aeschinem
339 2966 551 3044 criminatur,
573 2963 680 3056 ⁴quod
709 2964 957 3055 primumcum
984 2961 1151 3053 Pythone,

38 3137 40 3142 ,
107 3065 260 3161 Philippi
293 3065 412 3159 legato,
446 3067 600 3135 adversus
629 3063 902 3158 rempublicam
938 3066 1155 3156 conspirarit,-

108 3171 231 3238 deinde
248 3193 331 3238 uum
352 3173 524 3253 Auentino,
548 3169 699 3264 Philippi
723 3171 960 3263 exploratore,
975 3167 1153 3235 claudesti-

109 3300 171 3344 nos
195 3299 389 3367 congressus
411 3275 576 3355 hahuerit,
599 3277 704 3368 idque
722 3291 906 3365 autequam
927 3275 1052 3340 iustum
1075 3297 1152 3340 cum

110 3380 271 3474 Philippo
306 3378 431 3446 bellum
464 3381 621 3446 exarserit
649 3381 721 3468 (πρὸ
751 3385 807 3445 noir
841 3385 985 3463 πολεμεῖν
1012 3381 1154 3466 φανερῶς

109 3511 144 3577 p.
171 3487 260 3575 273),
283 3483 375 3576 quod
405 3481 668 3575 redintegratum
703 3502 751 3550 est
782 3483 840 3550 Ol.
866 3483 938 3564 CX,
967 3507 976 3548 t
1005 3483 1152 3576 ineunte,

109 3613 193 3680 pace
231 3607 301 3655 tum
325 3584 528 3655 'solemniter
565 3587 707 3671 discissa.
754 3588 920 3678 ¹Pythonia
950 3586 1153 3676 legationem

112 3692 156 3758 ad
178 3692 235 3759 Ol.
260 3691 352 3771 CIX,
380 3716 390 3757 1
418 3690 629 3758 referendam
652 3712 720 3758 esse
749 3716 849 3784 supra
871 3691 1044 3757 docuimus
1067 3695 1152 3779 (cap.

5 3859 7 3866 .
113 3796 171 3863 lV·.
195 3798 240 3884 3).
287 3795 481 3888 Insequenti
505 3791 594 3862 anno
617 3795 781 3875 Ol.CIX‚
806 3821 825 3860 a
848 3794 1046 3861 inimicitiae
1067 3813 1154 3859 nona

113 3899 196 3966 dum
219 3925 257 3968 eo
280 3918 454 3992 provectae
479 3917 587 3978 erant,
616 3918 653 3966 ut
683 3897 724 3963 de
753 3883 885 3964 hellicis
913 3899 1056 3990 inceptis
1079 3918 1156 3986 age·

112 4023 216 4071 retur.
263 4003 331 4071 Sed
356 4003 410 4070 Ol.
436 4004 533 4081 clx,
564 4005 746 4082 &exeunte
769 4001 909 4069 Athenis
932 4006 997 4088 jam
1020 3998 1063 4068 de
1086 4000 1156 4066 Eu·
1223 4047 1233 4058 -,

113 4110 198 4177 boea
237 4105 412 4204 liberanda
447 4110 628 4201 cogitatum
663 4126 725 4187 est,
764 4109 855 4176 item.
879 4104 920 4174 de
950 4103 1085 4174 auxiliis.
1119 4105 1158 4170 iu
1192 4145 1194 4150 .
