<?xml version="1.0" encoding="UTF-8"?>
<!DOCTYPE html PUBLIC "-//W3C//DTD XHTML 1.0 Transitional//EN"
    "http://www.w3.org/TR/xhtml1/DTD/xhtml1-transitional.dtd">
<html xmlns="http://www.w3.org/1999/xhtml" xml:lang="en" lang="en">
 <head>
  <title>
</title>
<meta http-equiv="Content-Type" content="text/html;charset=utf-8" />
  <meta name='ocr-system' content='tesseract 3.04.00' />
  <meta name='ocr-capabilities' content='ocr_page ocr_carea ocr_par ocr_line ocrx_word'/>
</head>
<body>
  <div class='ocr_page' id='page_1' title='image "./francisciwiniew00winigoog_0067.png"; bbox 0 0 2706 4782; ppageno 0'>
   <div class='ocr_carea' id='block_1_1' title="bbox 715 316 873 424">
    <p class='ocr_par' dir='ltr' id='par_1_1' title="bbox 715 316 873 424">
     <span class='ocr_line' id='line_1_1' title="bbox 715 316 873 424; baseline 0 -43"><span class='ocrx_word' id='word_1_1' title='bbox 715 316 873 424; x_wconf 53' lang='lat' dir='ltr'><strong>...Ei-</strong></span> 
     </span>
    </p>
   </div>
   <div class='ocr_carea' id='block_1_2' title="bbox 197 481 1318 1916">
    <p class='ocr_par' dir='ltr' id='par_1_2' title="bbox 270 481 1318 782">
     <span class='ocr_line' id='line_1_2' title="bbox 270 481 1318 582; baseline 0 -30"><span class='ocrx_word' id='word_1_2' title='bbox 270 513 304 582; x_wconf 84' lang='lat'><strong>9.</strong></span> <span class='ocrx_word' id='word_1_3' title='bbox 332 513 367 580; x_wconf 89' lang='lat' dir='ltr'><strong>p.</strong></span> <span class='ocrx_word' id='word_1_4' title='bbox 391 486 464 576; x_wconf 79' lang='lat'><strong>257.</strong></span> <span class='ocrx_word' id='word_1_5' title='bbox 499 481 590 570; x_wconf 74' lang='grc' dir='ltr'><strong><em>ιἰμεῖς</em></strong></span> <span class='ocrx_word' id='word_1_6' title='bbox 618 488 646 552; x_wconf 77' lang='lat' dir='ltr'><strong>d&#39;</strong></span> <span class='ocrx_word' id='word_1_7' title='bbox 668 487 699 552; x_wconf 83' lang='lat' dir='ltr'><strong>oi</strong></span> <span class='ocrx_word' id='word_1_8' title='bbox 718 485 918 570; x_wconf 78' lang='grc' dir='ltr'><em>μεμψάμενοι</em></span> <span class='ocrx_word' id='word_1_9' title='bbox 934 481 1045 550; x_wconf 60' lang='grc' dir='ltr'><strong>’πολλοὶ</strong></span> <span class='ocrx_word' id='word_1_10' title='bbox 1071 483 1122 548; x_wconf 76' lang='grc' dir='ltr'><strong>καί</strong></span> <span class='ocrx_word' id='word_1_11' title='bbox 1150 483 1256 550; x_wconf 77' lang='grc' dir='ltr'><strong><em>δίκαια</em></strong></span> <span class='ocrx_word' id='word_1_12' title='bbox 1281 484 1318 552; x_wconf 71' lang='lat' dir='ltr'><strong>dv</strong></span> 
     </span>
     <span class='ocr_line' id='line_1_3' title="bbox 314 577 1318 681; baseline -0.005 -22"><span class='ocrx_word' id='word_1_13' title='bbox 314 594 437 667; x_wconf 68' lang='lat' dir='ltr'><strong>inrisere</strong></span> <span class='ocrx_word' id='word_1_14' title='bbox 460 588 542 681; x_wconf 74' lang='grc' dir='ltr'><strong><em>[τοῖς</em></strong></span> <span class='ocrx_word' id='word_1_15' title='bbox 571 589 774 680; x_wconf 70' lang='grc' dir='ltr'><strong><em>Βυζαντίοις]</em></strong></span> <span class='ocrx_word' id='word_1_16' title='bbox 799 589 923 666; x_wconf 76' lang='grc' dir='ltr'>εἰκότως</span> <span class='ocrx_word' id='word_1_17' title='bbox 949 589 1036 676; x_wconf 75' lang='grc' dir='ltr'><strong>περὶ</strong></span> <span class='ocrx_word' id='word_1_18' title='bbox 1066 577 1116 652; x_wconf 82' lang='grc' dir='ltr'><strong><em>ὧν</em></strong></span> <span class='ocrx_word' id='word_1_19' title='bbox 1142 587 1318 673; x_wconf 80' lang='grc' dir='ltr'><strong><em>ἠγνωμο-</em></strong></span> 
     </span>
     <span class='ocr_line' id='line_1_4' title="bbox 313 690 1316 782; baseline -0.006 -18"><span class='ocrx_word' id='word_1_20' title='bbox 313 696 479 782; x_wconf 81' lang='grc' dir='ltr'><strong><em>νήκεσαν</em></strong></span> <span class='ocrx_word' id='word_1_21' title='bbox 501 695 554 770; x_wconf 77' lang='grc' dir='ltr'><strong>εἷς</strong></span> <span class='ocrx_word' id='word_1_22' title='bbox 573 691 671 779; x_wconf 64' lang='lat' dir='ltr'><strong>diade</strong></span> <span class='ocrx_word' id='word_1_23' title='bbox 699 695 737 761; x_wconf 81' lang='grc' dir='ltr'><strong><em>ίν</em></strong></span> <span class='ocrx_word' id='word_1_24' title='bbox 764 703 849 771; x_wconf 82' lang='grc' dir='ltr'><strong><em>ιοῒς</em></strong></span> <span class='ocrx_word' id='word_1_25' title='bbox 886 692 1111 781; x_wconf 62' lang='grc' dir='ltr'><strong><em>ἔμπροσθεν</em></strong></span> <span class='ocrx_word' id='word_1_26' title='bbox 1137 690 1316 780; x_wconf 73' lang='grc' dir='ltr'><strong><em>χρόνοις,</em></strong></span> 
     </span>
    </p>

    <p class='ocr_par' dir='ltr' id='par_1_3' title="bbox 197 799 959 890">
     <span class='ocr_line' id='line_1_5' title="bbox 197 799 959 890; baseline -0.008 -21"><span class='ocrx_word' id='word_1_27' title='bbox 197 861 203 873; x_wconf 83' lang='grc'><strong>.</strong></span> <span class='ocrx_word' id='word_1_28' title='bbox 313 801 351 868; x_wconf 78' lang='grc' dir='ltr'><strong>οὗ</strong></span> <span class='ocrx_word' id='word_1_29' title='bbox 372 835 417 850; x_wconf 91' lang='lat'>-</span> <span class='ocrx_word' id='word_1_30' title='bbox 436 805 696 884; x_wconf 74' lang='grc' dir='ltr'><strong><em>μνησικακοῦντες</em></strong></span> <span class='ocrx_word' id='word_1_31' title='bbox 715 837 760 850; x_wconf 91' lang='lat'><strong>-·</strong></span> <span class='ocrx_word' id='word_1_32' title='bbox 781 799 959 890; x_wconf 70' lang='grc' dir='ltr'><strong><em>ἐφαίνεσθε.</em></strong></span> 
     </span>
    </p>

    <p class='ocr_par' dir='ltr' id='par_1_4' title="bbox 631 901 954 958">
     <span class='ocr_line' id='line_1_6' title="bbox 631 901 954 958; baseline -0.009 -12"><span class='ocrx_word' id='word_1_33' title='bbox 631 901 713 958; x_wconf 54' lang='lat' dir='ltr'><strong>ocyma</strong></span> <span class='ocrx_word' id='word_1_34' title='bbox 725 901 776 950; x_wconf 85' lang='lat' dir='ltr'><strong>cv,</strong></span> <span class='ocrx_word' id='word_1_35' title='bbox 790 903 809 943; x_wconf 84' lang='lat' dir='ltr'><strong>a.</strong></span> <span class='ocrx_word' id='word_1_36' title='bbox 822 901 920 949; x_wconf 82' lang='lat' dir='ltr'><strong>-cu,</strong></span> <span class='ocrx_word' id='word_1_37' title='bbox 935 911 954 943; x_wconf 77' lang='grc' dir='ltr'><strong>ι.</strong></span> 
     </span>
    </p>

    <p class='ocr_par' dir='ltr' id='par_1_5' title="bbox 265 999 1316 1916">
     <span class='ocr_line' id='line_1_7' title="bbox 355 999 1316 1073; baseline -0.005 0"><span class='ocrx_word' id='word_1_38' title='bbox 355 1003 469 1073; x_wconf 87' lang='lat' dir='ltr'><strong>Verba</strong></span> <span class='ocrx_word' id='word_1_39' title='bbox 498 1003 580 1072; x_wconf 88' lang='lat' dir='ltr'><strong>haec</strong></span> <span class='ocrx_word' id='word_1_40' title='bbox 603 1004 777 1072; x_wconf 81' lang='lat' dir='ltr'><strong>manifesto</strong></span> <span class='ocrx_word' id='word_1_41' title='bbox 808 1001 984 1070; x_wconf 82' lang='lat' dir='ltr'><strong>reserenda</strong></span> <span class='ocrx_word' id='word_1_42' title='bbox 1016 1019 1095 1068; x_wconf 88' lang='lat' dir='ltr'><strong>sunt</strong></span> <span class='ocrx_word' id='word_1_43' title='bbox 1122 999 1166 1066; x_wconf 92' lang='lat' dir='ltr'><strong>ad</strong></span> <span class='ocrx_word' id='word_1_44' title='bbox 1186 999 1316 1068; x_wconf 87' lang='lat' dir='ltr'><strong>bellum</strong></span> 
     </span>
     <span class='ocr_line' id='line_1_8' title="bbox 269 1104 1315 1201; baseline -0.003 -25"><span class='ocrx_word' id='word_1_45' title='bbox 269 1107 403 1190; x_wconf 84' lang='lat' dir='ltr'><strong>sociale,</strong></span> <span class='ocrx_word' id='word_1_46' title='bbox 426 1107 520 1201; x_wconf 90' lang='lat' dir='ltr'><strong>quod</strong></span> <span class='ocrx_word' id='word_1_47' title='bbox 541 1111 695 1201; x_wconf 82' lang='lat' dir='ltr'><strong>Byzantii</strong></span> <span class='ocrx_word' id='word_1_48' title='bbox 717 1111 873 1177; x_wconf 88' lang='lat' dir='ltr'><strong>societate</strong></span> <span class='ocrx_word' id='word_1_49' title='bbox 896 1133 975 1188; x_wconf 88' lang='lat' dir='ltr'><strong>com</strong></span> <span class='ocrx_word' id='word_1_50' title='bbox 999 1106 1094 1174; x_wconf 89' lang='lat' dir='ltr'>Chiis</span> <span class='ocrx_word' id='word_1_51' title='bbox 1109 1104 1315 1200; x_wconf 81' lang='lat' dir='ltr'><strong>Rhodiisque</strong></span> 
     </span>
     <span class='ocr_line' id='line_1_9' title="bbox 268 1208 1314 1306; baseline -0.003 -28"><span class='ocrx_word' id='word_1_52' title='bbox 268 1211 353 1280; x_wconf 88' lang='lat' dir='ltr'><strong>facta</strong></span> <span class='ocrx_word' id='word_1_53' title='bbox 374 1214 461 1279; x_wconf 89' lang='lat' dir='ltr'><strong>intra</strong></span> <span class='ocrx_word' id='word_1_54' title='bbox 476 1212 615 1306; x_wconf 82' lang='lat' dir='ltr'><strong>Olymp.</strong></span> <span class='ocrx_word' id='word_1_55' title='bbox 634 1213 706 1295; x_wconf 86' lang='lat' dir='ltr'><strong>CV,</strong></span> <span class='ocrx_word' id='word_1_56' title='bbox 730 1212 749 1282; x_wconf 88' lang='lat'>3</span> <span class='ocrx_word' id='word_1_57' title='bbox 773 1229 805 1278; x_wconf 88' lang='lat' dir='ltr'><strong>et</strong></span> <span class='ocrx_word' id='word_1_58' title='bbox 819 1212 909 1293; x_wconf 84' lang='lat' dir='ltr'><strong>cvl,</strong></span> <span class='ocrx_word' id='word_1_59' title='bbox 928 1235 938 1278; x_wconf 87' lang='lat'><em>1</em></span> <span class='ocrx_word' id='word_1_60' title='bbox 960 1208 1116 1279; x_wconf 88' lang='lat' dir='ltr'><strong>adversus</strong></span> <span class='ocrx_word' id='word_1_61' title='bbox 1129 1210 1314 1276; x_wconf 86' lang='lat' dir='ltr'><strong>Athenien-</strong></span> 
     </span>
     <span class='ocr_line' id='line_1_10' title="bbox 268 1313 1314 1408; baseline -0.001 -26"><span class='ocrx_word' id='word_1_62' title='bbox 268 1341 318 1382; x_wconf 86' lang='lat' dir='ltr'><strong>ses</strong></span> <span class='ocrx_word' id='word_1_63' title='bbox 354 1318 521 1408; x_wconf 71' lang='lat' dir='ltr'><strong>gerebant</strong></span> <span class='ocrx_word' id='word_1_64' title='bbox 578 1318 734 1384; x_wconf 87' lang='lat' dir='ltr'><strong>Civitates</strong></span> <span class='ocrx_word' id='word_1_65' title='bbox 763 1341 821 1382; x_wconf 90' lang='lat' dir='ltr'><strong>eae</strong></span> <span class='ocrx_word' id='word_1_66' title='bbox 859 1315 999 1408; x_wconf 85' lang='lat' dir='ltr'><strong>Olymp.</strong></span> <span class='ocrx_word' id='word_1_67' title='bbox 1030 1313 1076 1394; x_wconf 88' lang='lat' dir='ltr'><strong>G,</strong></span> <span class='ocrx_word' id='word_1_68' title='bbox 1106 1313 1144 1399; x_wconf 79' lang='grc'><strong>4,</strong></span> <span class='ocrx_word' id='word_1_69' title='bbox 1179 1314 1314 1381; x_wconf 83' lang='lat' dir='ltr'><strong>exarde-</strong></span> 
     </span>
     <span class='ocr_line' id='line_1_11' title="bbox 268 1417 1314 1512; baseline 0.001 -27"><span class='ocrx_word' id='word_1_70' title='bbox 268 1435 379 1486; x_wconf 81' lang='lat' dir='ltr'><strong>scente</strong></span> <span class='ocrx_word' id='word_1_71' title='bbox 402 1422 492 1512; x_wconf 81' lang='lat' dir='ltr'><strong>gravi</strong></span> <span class='ocrx_word' id='word_1_72' title='bbox 514 1420 771 1489; x_wconf 82' lang='lat' dir='ltr'><strong>Atheniensium</strong></span> <span class='ocrx_word' id='word_1_73' title='bbox 788 1421 1099 1510; x_wconf 86' lang='lat' dir='ltr'><strong>Thebanorumque</strong></span> <span class='ocrx_word' id='word_1_74' title='bbox 1122 1435 1239 1485; x_wconf 81' lang='lat' dir='ltr'><strong>eontra</strong></span> <span class='ocrx_word' id='word_1_75' title='bbox 1253 1417 1314 1486; x_wconf 87' lang='lat' dir='ltr'><strong>La·</strong></span> 
     </span>
     <span class='ocr_line' id='line_1_12' title="bbox 268 1509 1312 1607; baseline -0.002 -17"><span class='ocrx_word' id='word_1_76' title='bbox 268 1523 500 1591; x_wconf 89' lang='lat' dir='ltr'><strong>cedacmonios</strong></span> <span class='ocrx_word' id='word_1_77' title='bbox 523 1524 625 1607; x_wconf 91' lang='lat' dir='ltr'><strong>bello,</strong></span> <span class='ocrx_word' id='word_1_78' title='bbox 649 1523 779 1591; x_wconf 84' lang='lat' dir='ltr'><strong>deserta</strong></span> <span class='ocrx_word' id='word_1_79' title='bbox 801 1509 1140 1591; x_wconf 81' lang='lat' dir='ltr'><strong>Lacedaemoniorum</strong></span> <span class='ocrx_word' id='word_1_80' title='bbox 1159 1523 1312 1590; x_wconf 90' lang='lat' dir='ltr'><strong>societate</strong></span> 
     </span>
     <span class='ocr_line' id='line_1_13' title="bbox 267 1619 1312 1722; baseline -0.004 -28"><span class='ocrx_word' id='word_1_81' title='bbox 267 1619 476 1695; x_wconf 84' lang='lat' dir='ltr'><strong>accesserunt</strong></span> <span class='ocrx_word' id='word_1_82' title='bbox 496 1629 541 1695; x_wconf 69' lang='lat' dir='ltr'><strong>&#39;ad</strong></span> <span class='ocrx_word' id='word_1_83' title='bbox 562 1627 698 1712; x_wconf 88' lang='lat' dir='ltr'><strong>foedus,</strong></span> <span class='ocrx_word' id='word_1_84' title='bbox 730 1625 821 1722; x_wconf 86' lang='lat' dir='ltr'><strong>quod</strong></span> <span class='ocrx_word' id='word_1_85' title='bbox 841 1627 1077 1719; x_wconf 85' lang='lat' dir='ltr'><strong>praeeuntibus</strong></span> <span class='ocrx_word' id='word_1_86' title='bbox 1098 1625 1312 1692; x_wconf 84' lang='lat' dir='ltr'><strong>Atheniensi-</strong></span> 
     </span>
     <span class='ocr_line' id='line_1_14' title="bbox 266 1729 1308 1826; baseline 0 -30"><span class='ocrx_word' id='word_1_87' title='bbox 266 1731 329 1798; x_wconf 90' lang='lat' dir='ltr'><strong>bus</strong></span> <span class='ocrx_word' id='word_1_88' title='bbox 353 1731 508 1800; x_wconf 86' lang='lat' dir='ltr'><strong>adversus</strong></span> <span class='ocrx_word' id='word_1_89' title='bbox 538 1735 716 1826; x_wconf 82' lang='lat' dir='ltr'><strong>superbam</strong></span> <span class='ocrx_word' id='word_1_90' title='bbox 745 1730 1090 1800; x_wconf 78' lang='lat' dir='ltr'><strong>Lacedaemoniorum</strong></span> <span class='ocrx_word' id='word_1_91' title='bbox 1115 1729 1308 1799; x_wconf 90' lang='lat' dir='ltr'><strong>dominatio-</strong></span> 
     </span>
     <span class='ocr_line' id='line_1_15' title="bbox 265 1821 1311 1916; baseline -0.001 -15"><span class='ocrx_word' id='word_1_92' title='bbox 265 1859 342 1902; x_wconf 90' lang='lat' dir='ltr'><strong>nem</strong></span> <span class='ocrx_word' id='word_1_93' title='bbox 366 1839 403 1902; x_wconf 87' lang='lat' dir='ltr'><strong>in</strong></span> <span class='ocrx_word' id='word_1_94' title='bbox 427 1837 567 1904; x_wconf 83' lang='lat' dir='ltr'><strong>Graecia</strong></span> <span class='ocrx_word' id='word_1_95' title='bbox 589 1837 722 1904; x_wconf 87' lang='lat' dir='ltr'><strong>exstitit.</strong></span> <span class='ocrx_word' id='word_1_96' title='bbox 766 1835 864 1904; x_wconf 86' lang='lat' dir='ltr'><strong>Diod</strong></span> <span class='ocrx_word' id='word_1_97' title='bbox 889 1837 924 1903; x_wconf 90' lang='lat' dir='ltr'><strong>S.</strong></span> <span class='ocrx_word' id='word_1_98' title='bbox 947 1836 1031 1916; x_wconf 84' lang='lat' dir='ltr'><strong>XV,</strong></span> <span class='ocrx_word' id='word_1_99' title='bbox 1060 1837 1114 1902; x_wconf 75' lang='lat'><strong>28.</strong></span> <span class='ocrx_word' id='word_1_100' title='bbox 1158 1821 1227 1900; x_wconf 76' lang='lat' dir='ltr'><strong>Sed</strong></span> <span class='ocrx_word' id='word_1_101' title='bbox 1248 1851 1311 1900; x_wconf 89' lang='lat' dir='ltr'><strong>sta-</strong></span> 
     </span>
    </p>
   </div>
   <div class='ocr_carea' id='block_1_3' title="bbox 147 1923 1310 2033">
    <p class='ocr_par' dir='ltr' id='par_1_6' title="bbox 147 1923 1310 2033">
     <span class='ocr_line' id='line_1_16' title="bbox 147 1923 1310 2033; baseline -0.002 -27"><span class='ocrx_word' id='word_1_102' title='bbox 147 1979 150 1984; x_wconf 93' lang='lat'>·</span> <span class='ocrx_word' id='word_1_103' title='bbox 265 1942 324 2006; x_wconf 88' lang='lat' dir='ltr'><strong>tim</strong></span> <span class='ocrx_word' id='word_1_104' title='bbox 347 1959 423 2032; x_wconf 89' lang='lat' dir='ltr'><strong>post</strong></span> <span class='ocrx_word' id='word_1_105' title='bbox 445 1941 654 2007; x_wconf 86' lang='lat' dir='ltr'><strong>Leuctricam</strong></span> <span class='ocrx_word' id='word_1_106' title='bbox 675 1962 834 2030; x_wconf 83' lang='lat' dir='ltr'><strong>pugnam,</strong></span> <span class='ocrx_word' id='word_1_107' title='bbox 858 1965 965 2033; x_wconf 88' lang='lat' dir='ltr'><strong>quum</strong></span> <span class='ocrx_word' id='word_1_108' title='bbox 980 1923 1203 2007; x_wconf 75' lang='lat' dir='ltr'><strong>Athenienses</strong></span> <span class='ocrx_word' id='word_1_109' title='bbox 1221 1937 1310 2005; x_wconf 84' lang='lat' dir='ltr'><strong>The·</strong></span> 
     </span>
    </p>
   </div>
   <div class='ocr_carea' id='block_1_4' title="bbox 226 2041 1341 4222">
    <p class='ocr_par' dir='ltr' id='par_1_7' title="bbox 226 2041 1341 4222">
     <span class='ocr_line' id='line_1_17' title="bbox 263 2041 1309 2138; baseline 0.001 -29"><span class='ocrx_word' id='word_1_110' title='bbox 263 2044 430 2111; x_wconf 90' lang='lat' dir='ltr'><strong>banorum</strong></span> <span class='ocrx_word' id='word_1_111' title='bbox 452 2042 577 2109; x_wconf 86' lang='lat' dir='ltr'><strong>invidia</strong></span> <span class='ocrx_word' id='word_1_112' title='bbox 607 2041 688 2108; x_wconf 90' lang='lat' dir='ltr'><strong>inde</strong></span> <span class='ocrx_word' id='word_1_113' title='bbox 710 2044 752 2108; x_wconf 90' lang='lat' dir='ltr'><strong>ab</strong></span> <span class='ocrx_word' id='word_1_114' title='bbox 776 2043 914 2138; x_wconf 86' lang='lat' dir='ltr'><strong>Olymp.</strong></span> <span class='ocrx_word' id='word_1_115' title='bbox 940 2044 1022 2126; x_wconf 81' lang='lat' dir='ltr'><strong>CH,</strong></span> <span class='ocrx_word' id='word_1_116' title='bbox 1051 2042 1073 2130; x_wconf 73' lang='grc'><strong><em>4</em></strong></span> <span class='ocrx_word' id='word_1_117' title='bbox 1103 2057 1184 2109; x_wconf 85' lang='lat' dir='ltr'><strong>eum&#39;</strong></span> <span class='ocrx_word' id='word_1_118' title='bbox 1210 2045 1309 2110; x_wconf 81' lang='lat' dir='ltr'><strong>Lace-</strong></span> 
     </span>
     <span class='ocr_line' id='line_1_18' title="bbox 266 2146 1308 2228; baseline 0.002 -18"><span class='ocrx_word' id='word_1_119' title='bbox 266 2146 450 2214; x_wconf 87' lang='lat' dir='ltr'><strong>daemoniis</strong></span> <span class='ocrx_word' id='word_1_120' title='bbox 480 2146 564 2213; x_wconf 90' lang='lat' dir='ltr'><strong>belli</strong></span> <span class='ocrx_word' id='word_1_121' title='bbox 599 2149 870 2216; x_wconf 89' lang='lat' dir='ltr'><strong>communionem</strong></span> <span class='ocrx_word' id='word_1_122' title='bbox 900 2148 1074 2228; x_wconf 85' lang='lat' dir='ltr'><strong>fecissent,</strong></span> <span class='ocrx_word' id='word_1_123' title='bbox 1105 2146 1308 2215; x_wconf 83' lang='lat' dir='ltr'><strong>abalienatae</strong></span> 
     </span>
     <span class='ocr_line' id='line_1_19' title="bbox 263 2249 1306 2344; baseline 0.002 -29"><span class='ocrx_word' id='word_1_124' title='bbox 263 2274 326 2342; x_wconf 90' lang='lat' dir='ltr'><strong>per</strong></span> <span class='ocrx_word' id='word_1_125' title='bbox 347 2249 525 2319; x_wconf 85' lang='lat' dir='ltr'><strong>Thebanos</strong></span> <span class='ocrx_word' id='word_1_126' title='bbox 556 2255 654 2319; x_wconf 90' lang='lat' dir='ltr'><strong>totius</strong></span> <span class='ocrx_word' id='word_1_127' title='bbox 685 2269 757 2318; x_wconf 91' lang='lat' dir='ltr'><strong>tum</strong></span> <span class='ocrx_word' id='word_1_128' title='bbox 791 2253 951 2320; x_wconf 87' lang='lat' dir='ltr'><strong>Graeciae</strong></span> <span class='ocrx_word' id='word_1_129' title='bbox 977 2253 1209 2344; x_wconf 88' lang='lat' dir='ltr'><strong>principatum</strong></span> <span class='ocrx_word' id='word_1_130' title='bbox 1235 2251 1306 2320; x_wconf 82' lang='lat' dir='ltr'><strong>alle-</strong></span> 
     </span>
     <span class='ocr_line' id='line_1_20' title="bbox 264 2354 1301 2450; baseline 0 -28"><span class='ocrx_word' id='word_1_131' title='bbox 264 2372 401 2437; x_wconf 81' lang='lat' dir='ltr'><strong>etentes,</strong></span> <span class='ocrx_word' id='word_1_132' title='bbox 425 2355 466 2422; x_wconf 92' lang='lat' dir='ltr'><strong>ab</strong></span> <span class='ocrx_word' id='word_1_133' title='bbox 475 2355 738 2429; x_wconf 86' lang='lat' dir='ltr'><strong>Atheniensibus</strong></span> <span class='ocrx_word' id='word_1_134' title='bbox 755 2356 824 2424; x_wconf 87' lang='lat' dir='ltr'><strong>esse</strong></span> <span class='ocrx_word' id='word_1_135' title='bbox 845 2356 1012 2434; x_wconf 83' lang='lat' dir='ltr'><strong>videntur.</strong></span> <span class='ocrx_word' id='word_1_136' title='bbox 1059 2354 1198 2450; x_wconf 84' lang='lat' dir='ltr'><strong>Olymp.</strong></span> <span class='ocrx_word' id='word_1_137' title='bbox 1222 2358 1301 2424; x_wconf 88' lang='lat' dir='ltr'><strong>enim</strong></span> 
     </span>
     <span class='ocr_line' id='line_1_21' title="bbox 264 2459 1299 2555; baseline -0.001 -29"><span class='ocrx_word' id='word_1_138' title='bbox 264 2460 341 2527; x_wconf 87' lang='lat' dir='ltr'><strong>CIV</strong></span> <span class='ocrx_word' id='word_1_139' title='bbox 371 2485 399 2528; x_wconf 89' lang='lat' dir='ltr'><strong>a.</strong></span> <span class='ocrx_word' id='word_1_140' title='bbox 424 2483 463 2544; x_wconf 83' lang='grc' dir='ltr'><strong>ι,</strong></span> <span class='ocrx_word' id='word_1_141' title='bbox 499 2481 567 2552; x_wconf 88' lang='lat' dir='ltr'><strong>quo</strong></span> <span class='ocrx_word' id='word_1_142' title='bbox 599 2478 750 2555; x_wconf 86' lang='lat' dir='ltr'><strong>tempore</strong></span> <span class='ocrx_word' id='word_1_143' title='bbox 783 2459 1034 2555; x_wconf 85' lang='lat' dir='ltr'><strong>Epaminondas</strong></span> <span class='ocrx_word' id='word_1_144' title='bbox 1056 2461 1234 2530; x_wconf 88' lang='lat' dir='ltr'><strong>Thebanos</strong></span> <span class='ocrx_word' id='word_1_145' title='bbox 1253 2482 1299 2526; x_wconf 85' lang='lat' dir='ltr'><strong>ex·</strong></span> 
     </span>
     <span class='ocr_line' id='line_1_22' title="bbox 260 2564 1303 2660; baseline 0.001 -31"><span class='ocrx_word' id='word_1_146' title='bbox 260 2564 410 2633; x_wconf 84' lang='lat' dir='ltr'><strong>hortatus</strong></span> <span class='ocrx_word' id='word_1_147' title='bbox 433 2584 492 2646; x_wconf 88' lang='lat' dir='ltr'><strong>est,</strong></span> <span class='ocrx_word' id='word_1_148' title='bbox 515 2581 552 2630; x_wconf 85' lang='lat' dir='ltr'><strong>ut</strong></span> <span class='ocrx_word' id='word_1_149' title='bbox 573 2568 673 2632; x_wconf 87' lang='lat' dir='ltr'><strong>maris</strong></span> <span class='ocrx_word' id='word_1_150' title='bbox 695 2569 877 2658; x_wconf 87' lang='lat' dir='ltr'><strong>imperium</strong></span> <span class='ocrx_word' id='word_1_151' title='bbox 899 2585 1124 2660; x_wconf 84' lang='lat' dir='ltr'><strong>capesserent,</strong></span> <span class='ocrx_word' id='word_1_152' title='bbox 1155 2567 1303 2634; x_wconf 84' lang='lat' dir='ltr'><strong>invita-tos</strong></span> 
     </span>
     <span class='ocr_line' id='line_1_23' title="bbox 263 2664 1303 2763; baseline 0 -31"><span class='ocrx_word' id='word_1_153' title='bbox 263 2693 280 2732; x_wconf 92' lang='lat' dir='ltr'><strong>a</strong></span> <span class='ocrx_word' id='word_1_154' title='bbox 314 2664 485 2733; x_wconf 86' lang='lat' dir='ltr'><strong>Thebanis</strong></span> <span class='ocrx_word' id='word_1_155' title='bbox 526 2667 689 2748; x_wconf 83' lang='lat' dir='ltr'><strong>Rhodios,</strong></span> <span class='ocrx_word' id='word_1_156' title='bbox 722 2669 823 2736; x_wconf 88' lang='lat' dir='ltr'><strong>Chios</strong></span> <span class='ocrx_word' id='word_1_157' title='bbox 849 2681 890 2737; x_wconf 85' lang='lat' dir='ltr'><strong>et</strong></span> <span class='ocrx_word' id='word_1_158' title='bbox 915 2671 1092 2763; x_wconf 84' lang='lat' dir='ltr'><strong>Byzantios</strong></span> <span class='ocrx_word' id='word_1_159' title='bbox 1123 2669 1166 2738; x_wconf 88' lang='lat' dir='ltr'><strong>ad</strong></span> <span class='ocrx_word' id='word_1_160' title='bbox 1191 2667 1303 2738; x_wconf 82' lang='lat' dir='ltr'><strong>foedus</strong></span> 
     </span>
     <span class='ocr_line' id='line_1_24' title="bbox 262 2766 1341 2866; baseline 0.002 -30"><span class='ocrx_word' id='word_1_161' title='bbox 262 2771 410 2838; x_wconf 87' lang='lat' dir='ltr'><strong>cumeis</strong></span> <span class='ocrx_word' id='word_1_162' title='bbox 435 2769 622 2836; x_wconf 88' lang='lat' dir='ltr'><strong>ineundum</strong></span> <span class='ocrx_word' id='word_1_163' title='bbox 647 2766 819 2839; x_wconf 81' lang='lat' dir='ltr'><strong>¹Diodorus</strong></span> <span class='ocrx_word' id='word_1_164' title='bbox 846 2773 881 2841; x_wconf 88' lang='lat' dir='ltr'><strong>S.</strong></span> <span class='ocrx_word' id='word_1_165' title='bbox 904 2774 1033 2842; x_wconf 87' lang='lat' dir='ltr'><strong>indicat</strong></span> <span class='ocrx_word' id='word_1_166' title='bbox 1056 2775 1207 2866; x_wconf 84' lang='lat' dir='ltr'>XV,&#39;79.</span> <span class='ocrx_word' id='word_1_167' title='bbox 1249 2773 1306 2839; x_wconf 86' lang='lat' dir='ltr'><strong>In·</strong></span> <span class='ocrx_word' id='word_1_168' title='bbox 1340 2845 1341 2852; x_wconf 11' lang='grc' dir='ltr'><strong><em>φ</em></strong></span> 
     </span>
     <span class='ocr_line' id='line_1_25' title="bbox 263 2875 1305 2967; baseline 0.002 -27"><span class='ocrx_word' id='word_1_169' title='bbox 263 2875 352 2941; x_wconf 84' lang='lat' dir='ltr'><strong>citati</strong></span> <span class='ocrx_word' id='word_1_170' title='bbox 376 2890 548 2967; x_wconf 87' lang='lat' dir='ltr'><strong>praeterea</strong></span> <span class='ocrx_word' id='word_1_171' title='bbox 569 2876 605 2939; x_wconf 91' lang='lat' dir='ltr'><strong>in</strong></span> <span class='ocrx_word' id='word_1_172' title='bbox 626 2876 747 2966; x_wconf 88' lang='lat' dir='ltr'><strong>primis</strong></span> <span class='ocrx_word' id='word_1_173' title='bbox 769 2877 890 2945; x_wconf 88' lang='lat' dir='ltr'><strong>Rhodii</strong></span> <span class='ocrx_word' id='word_1_174' title='bbox 916 2902 934 2944; x_wconf 93' lang='lat' dir='ltr'><strong>a</strong></span> <span class='ocrx_word' id='word_1_175' title='bbox 958 2879 1122 2947; x_wconf 86' lang='lat' dir='ltr'><strong>Mausolo</strong></span> <span class='ocrx_word' id='word_1_176' title='bbox 1140 2877 1305 2957; x_wconf 87' lang='lat' dir='ltr'><strong>videntur,</strong></span> 
     </span>
     <span class='ocr_line' id='line_1_26' title="bbox 264 2979 1306 3076; baseline 0.003 -31"><span class='ocrx_word' id='word_1_177' title='bbox 264 2979 384 3045; x_wconf 84' lang='lat' dir='ltr'><strong>Cariae</strong></span> <span class='ocrx_word' id='word_1_178' title='bbox 407 2996 481 3045; x_wconf 90' lang='lat' dir='ltr'><strong>tum</strong></span> <span class='ocrx_word' id='word_1_179' title='bbox 501 2981 662 3072; x_wconf 86' lang='lat' dir='ltr'><strong>temporis</strong></span> <span class='ocrx_word' id='word_1_180' title='bbox 684 2980 812 3074; x_wconf 83' lang='lat' dir='ltr'><strong>regulo,</strong></span> <span class='ocrx_word' id='word_1_181' title='bbox 836 2984 895 3075; x_wconf 91' lang='lat' dir='ltr'><strong>qui</strong></span> <span class='ocrx_word' id='word_1_182' title='bbox 918 2981 1063 3050; x_wconf 88' lang='lat' dir='ltr'><strong>insulam</strong></span> <span class='ocrx_word' id='word_1_183' title='bbox 1080 2985 1224 3076; x_wconf 90' lang='lat' dir='ltr'><strong>imperio</strong></span> <span class='ocrx_word' id='word_1_184' title='bbox 1248 3005 1306 3050; x_wconf 89' lang='lat' dir='ltr'><strong>suo</strong></span> 
     </span>
     <span class='ocr_line' id='line_1_27' title="bbox 262 3082 1341 3178; baseline 0.003 -28"><span class='ocrx_word' id='word_1_185' title='bbox 262 3084 439 3151; x_wconf 86' lang='lat' dir='ltr'><strong>obnoxiam</strong></span> <span class='ocrx_word' id='word_1_186' title='bbox 469 3082 611 3150; x_wconf 88' lang='lat' dir='ltr'><strong>reddere</strong></span> <span class='ocrx_word' id='word_1_187' title='bbox 641 3086 811 3178; x_wconf 78' lang='lat' dir='ltr'><strong>cupiebat3</strong></span> <span class='ocrx_word' id='word_1_188' title='bbox 842 3089 938 3153; x_wconf 91' lang='lat' dir='ltr'><strong>euius</strong></span> <span class='ocrx_word' id='word_1_189' title='bbox 968 3090 1018 3154; x_wconf 88' lang='lat' dir='ltr'><strong>rei</strong></span> <span class='ocrx_word' id='word_1_190' title='bbox 1046 3090 1136 3155; x_wconf 87' lang='lat' dir='ltr'><strong>testis</strong></span> <span class='ocrx_word' id='word_1_191' title='bbox 1167 3103 1216 3153; x_wconf 87' lang='lat' dir='ltr'><strong>est</strong></span> <span class='ocrx_word' id='word_1_192' title='bbox 1239 3087 1306 3170; x_wconf 81' lang='lat' dir='ltr'><strong>De-</strong></span> <span class='ocrx_word' id='word_1_193' title='bbox 1340 3153 1341 3168; x_wconf 21' lang='lat'>¹</span> 
     </span>
     <span class='ocr_line' id='line_1_28' title="bbox 262 3185 1306 3284; baseline 0.003 -31"><span class='ocrx_word' id='word_1_194' title='bbox 262 3185 444 3255; x_wconf 90' lang='lat' dir='ltr'><strong>mosthenis</strong></span> <span class='ocrx_word' id='word_1_195' title='bbox 467 3190 572 3256; x_wconf 90' lang='lat' dir='ltr'><strong>oratio</strong></span> <span class='ocrx_word' id='word_1_196' title='bbox 594 3213 656 3282; x_wconf 83' lang='lat' dir='ltr'><strong>pro</strong></span> <span class='ocrx_word' id='word_1_197' title='bbox 678 3189 1073 3280; x_wconf 88' lang='lat' dir='ltr'><strong>Rhodiorumlibertate,</strong></span> <span class='ocrx_word' id='word_1_198' title='bbox 1097 3190 1225 3284; x_wconf 88' lang='lat' dir='ltr'><strong>aliquot</strong></span> <span class='ocrx_word' id='word_1_199' title='bbox 1249 3217 1306 3259; x_wconf 89' lang='lat' dir='ltr'><strong>an-</strong></span> 
     </span>
     <span class='ocr_line' id='line_1_29' title="bbox 261 3291 1305 3389; baseline 0.002 -31"><span class='ocrx_word' id='word_1_200' title='bbox 261 3293 314 3358; x_wconf 90' lang='lat' dir='ltr'><strong>nis</strong></span> <span class='ocrx_word' id='word_1_201' title='bbox 342 3309 418 3384; x_wconf 87' lang='lat' dir='ltr'><strong>post</strong></span> <span class='ocrx_word' id='word_1_202' title='bbox 446 3291 574 3359; x_wconf 89' lang='lat' dir='ltr'><strong>bellum</strong></span> <span class='ocrx_word' id='word_1_203' title='bbox 600 3293 721 3362; x_wconf 89' lang='lat' dir='ltr'><strong>sociale</strong></span> <span class='ocrx_word' id='word_1_204' title='bbox 743 3294 872 3375; x_wconf 85' lang='lat' dir='ltr'><strong>habita,</strong></span> <span class='ocrx_word' id='word_1_205' title='bbox 905 3297 941 3362; x_wconf 91' lang='lat' dir='ltr'><strong>in</strong></span> <span class='ocrx_word' id='word_1_206' title='bbox 973 3322 1041 3389; x_wconf 88' lang='lat' dir='ltr'><strong>qua</strong></span> <span class='ocrx_word' id='word_1_207' title='bbox 1070 3296 1191 3362; x_wconf 87' lang='lat' dir='ltr'><strong>ducem</strong></span> <span class='ocrx_word' id='word_1_208' title='bbox 1221 3293 1305 3362; x_wconf 91' lang='lat' dir='ltr'><strong>belli</strong></span> 
     </span>
     <span class='ocr_line' id='line_1_30' title="bbox 261 3397 1305 3492; baseline 0.001 -29"><span class='ocrx_word' id='word_1_209' title='bbox 261 3397 524 3490; x_wconf 81' lang='lat' dir='ltr'><strong>signiferumque</strong></span> <span class='ocrx_word' id='word_1_210' title='bbox 547 3399 741 3472; x_wconf 84' lang='lat' dir='ltr'><strong>Mausolum¹</strong></span> <span class='ocrx_word' id='word_1_211' title='bbox 762 3409 873 3466; x_wconf 89' lang='lat' dir='ltr'><strong>&#39;orator</strong></span> <span class='ocrx_word' id='word_1_212' title='bbox 894 3418 1002 3484; x_wconf 87' lang='lat' dir='ltr'><strong>vocat,</strong></span> <span class='ocrx_word' id='word_1_213' title='bbox 1025 3401 1086 3467; x_wconf 88' lang='lat' dir='ltr'><strong>ubi</strong></span> <span class='ocrx_word' id='word_1_214' title='bbox 1108 3399 1151 3466; x_wconf 89' lang='lat' dir='ltr'><strong>de</strong></span> <span class='ocrx_word' id='word_1_215' title='bbox 1173 3401 1305 3492; x_wconf 87' lang='lat' dir='ltr'><strong>origine</strong></span> 
     </span>
     <span class='ocr_line' id='line_1_31' title="bbox 260 3501 1306 3596; baseline 0.003 -30"><span class='ocrx_word' id='word_1_216' title='bbox 260 3502 329 3568; x_wconf 89' lang='lat' dir='ltr'><strong>eius</strong></span> <span class='ocrx_word' id='word_1_217' title='bbox 352 3501 434 3568; x_wconf 84' lang='lat' dir='ltr'><strong>baec</strong></span> <span class='ocrx_word' id='word_1_218' title='bbox 455 3502 555 3569; x_wconf 80' lang='lat' dir='ltr'><strong>verba</strong></span> <span class='ocrx_word' id='word_1_219' title='bbox 575 3503 717 3596; x_wconf 82' lang='lat' dir='ltr'><strong>profert:</strong></span> <span class='ocrx_word' id='word_1_220' title='bbox 739 3501 908 3591; x_wconf 75' lang='grc' dir='ltr'><strong><em>ᾐτιάσαντο</em></strong></span> <span class='ocrx_word' id='word_1_221' title='bbox 927 3501 1079 3590; x_wconf 61' lang='grc' dir='ltr'><strong>-«η“μᾶς</strong></span> <span class='ocrx_word' id='word_1_222' title='bbox 1099 3503 1306 3588; x_wconf 72' lang='grc' dir='ltr'><strong>ἐπιβουλεύειν</strong></span> 
     </span>
     <span class='ocr_line' id='line_1_32' title="bbox 259 3603 1304 3690; baseline 0.001 -18"><span class='ocrx_word' id='word_1_223' title='bbox 259 3603 365 3684; x_wconf 58' lang='lat' dir='ltr'><strong>abacia</strong></span> <span class='ocrx_word' id='word_1_224' title='bbox 385 3611 462 3673; x_wconf 86' lang='grc' dir='ltr'><strong>Χῖοι</strong></span> <span class='ocrx_word' id='word_1_225' title='bbox 483 3610 533 3673; x_wconf 82' lang='grc' dir='ltr'><strong>καὶ</strong></span> <span class='ocrx_word' id='word_1_226' title='bbox 550 3607 717 3688; x_wconf 80' lang='grc' dir='ltr'><strong><em>Βυζάντιοι</em></strong></span> <span class='ocrx_word' id='word_1_227' title='bbox 736 3610 786 3672; x_wconf 83' lang='grc' dir='ltr'><strong>καί</strong></span> <span class='ocrx_word' id='word_1_228' title='bbox 805 3605 929 3690; x_wconf 80' lang='grc' dir='ltr'><strong><em>Ῥόδιοι,</em></strong></span> <span class='ocrx_word' id='word_1_229' title='bbox 951 3611 1002 3676; x_wconf 81' lang='grc' dir='ltr'><strong>καί</strong></span> <span class='ocrx_word' id='word_1_230' title='bbox 1024 3608 1077 3676; x_wconf 77' lang='grc' dir='ltr'><strong>διὰ</strong></span> <span class='ocrx_word' id='word_1_231' title='bbox 1098 3615 1200 3674; x_wconf 81' lang='grc' dir='ltr'><strong><em>ταῦτα</em></strong></span> <span class='ocrx_word' id='word_1_232' title='bbox 1215 3607 1304 3675; x_wconf 81' lang='grc' dir='ltr'><strong><em>συνί-</em></strong></span> 
     </span>
     <span class='ocr_line' id='line_1_33' title="bbox 260 3707 1300 3800; baseline 0.002 -24"><span class='ocrx_word' id='word_1_233' title='bbox 260 3736 378 3796; x_wconf 87' lang='grc' dir='ltr'><strong><em>στησυν</em></strong></span> <span class='ocrx_word' id='word_1_234' title='bbox 398 3711 446 3800; x_wconf 67' lang='grc' dir='ltr'><strong>ἔφ’</strong></span> <span class='ocrx_word' id='word_1_235' title='bbox 477 3707 562 3796; x_wconf 70' lang='grc' dir='ltr'><em>ἡμᾶς</em></span> <span class='ocrx_word' id='word_1_236' title='bbox 588 3711 645 3778; x_wconf 82' lang='grc' dir='ltr'><strong><em>τὸν</em></strong></span> <span class='ocrx_word' id='word_1_237' title='bbox 674 3717 850 3780; x_wconf 80' lang='grc' dir='ltr'><strong><em>τελευταῖον</em></strong></span> <span class='ocrx_word' id='word_1_238' title='bbox 870 3714 993 3780; x_wconf 80' lang='grc' dir='ltr'><strong><em>τουτονί</em></strong></span> <span class='ocrx_word' id='word_1_239' title='bbox 1022 3711 1168 3796; x_wconf 80' lang='grc' dir='ltr'><strong><em>πόλεμον.</em></strong></span> <span class='ocrx_word' id='word_1_240' title='bbox 1200 3710 1300 3800; x_wconf 74' lang='grc' dir='ltr'><strong><em>φονῆ-</em></strong></span> 
     </span>
     <span class='ocr_line' id='line_1_34' title="bbox 259 3811 1295 3904; baseline 0 -25"><span class='ocrx_word' id='word_1_241' title='bbox 259 3839 343 3880; x_wconf 83' lang='grc' dir='ltr'><strong><em>σεται</em></strong></span> <span class='ocrx_word' id='word_1_242' title='bbox 366 3817 393 3881; x_wconf 88' lang='lat' dir='ltr'><strong>d&#39;</strong></span> <span class='ocrx_word' id='word_1_243' title='bbox 414 3811 431 3880; x_wconf 84' lang='grc' dir='ltr'><em>ὃ</em></span> <span class='ocrx_word' id='word_1_244' title='bbox 453 3816 510 3904; x_wconf 77' lang='grc' dir='ltr'><strong><em>μίν</em></strong></span> <span class='ocrx_word' id='word_1_245' title='bbox 528 3812 745 3903; x_wconf 72' lang='grc' dir='ltr'><strong><em>κρυοανεῦσος</em></strong></span> <span class='ocrx_word' id='word_1_246' title='bbox 771 3822 872 3883; x_wconf 79' lang='grc' dir='ltr'><strong><em>ταῦτα</em></strong></span> <span class='ocrx_word' id='word_1_247' title='bbox 900 3819 951 3884; x_wconf 79' lang='grc' dir='ltr'><strong>καί</strong></span> <span class='ocrx_word' id='word_1_248' title='bbox 977 3819 1086 3894; x_wconf 82' lang='grc' dir='ltr'><strong><em>’πείσας</em></strong></span> <span class='ocrx_word' id='word_1_249' title='bbox 1107 3815 1295 3891; x_wconf 71' lang='grc' dir='ltr'><strong><em>Μαύσωλος,</em></strong></span> 
     </span>
     <span class='ocr_line' id='line_1_35' title="bbox 257 3915 1301 4008; baseline 0.007 -28"><span class='ocrx_word' id='word_1_250' title='bbox 257 3919 348 4005; x_wconf 83' lang='grc' dir='ltr'><strong><em>φίλος</em></strong></span> <span class='ocrx_word' id='word_1_251' title='bbox 369 3915 445 3985; x_wconf 83' lang='grc' dir='ltr'><strong><em>είνοι</em></strong></span> <span class='ocrx_word' id='word_1_252' title='bbox 466 3918 595 4008; x_wconf 81' lang='grc' dir='ltr'><strong><em>φάσκων</em></strong></span> <span class='ocrx_word' id='word_1_253' title='bbox 619 3916 763 4003; x_wconf 80' lang='grc' dir='ltr'><strong><em>Ῥοδίων,</em></strong></span> <span class='ocrx_word' id='word_1_254' title='bbox 798 3919 857 4006; x_wconf 78' lang='grc' dir='ltr'><strong><em>τὴν</em></strong></span> <span class='ocrx_word' id='word_1_255' title='bbox 879 3921 1056 4008; x_wconf 71' lang='grc' dir='ltr'><strong><em>ἐλευθερίαν</em></strong></span> <span class='ocrx_word' id='word_1_256' title='bbox 1084 3919 1189 3987; x_wconf 75' lang='grc' dir='ltr'><strong><em>αὐτῶν</em></strong></span> <span class='ocrx_word' id='word_1_257' title='bbox 1217 3919 1301 4008; x_wconf 77' lang='grc' dir='ltr'><strong><em>ἀφῃ-</em></strong></span> 
     </span>
     <span class='ocr_line' id='line_1_36' title="bbox 226 4013 1300 4117; baseline 0.002 -31"><span class='ocrx_word' id='word_1_258' title='bbox 226 4068 228 4073; x_wconf 86' lang='lat'><em>-</em></span> <span class='ocrx_word' id='word_1_259' title='bbox 257 4021 390 4108; x_wconf 81' lang='grc' dir='ltr'><strong><em>ρημίνος</em></strong></span> <span class='ocrx_word' id='word_1_260' title='bbox 415 4061 455 4074; x_wconf 92' lang='grc'><strong>-</strong></span> <span class='ocrx_word' id='word_1_261' title='bbox 485 4049 520 4116; x_wconf 92' lang='lat' dir='ltr'><strong>p.</strong></span> <span class='ocrx_word' id='word_1_262' title='bbox 548 4046 617 4113; x_wconf 88' lang='lat'>¹9¹·</span> <span class='ocrx_word' id='word_1_263' title='bbox 661 4013 719 4090; x_wconf 86' lang='lat' dir='ltr'><strong>Ad</strong></span> <span class='ocrx_word' id='word_1_264' title='bbox 739 4025 972 4117; x_wconf 77' lang='lat' dir='ltr'><strong>primave&#39;rba&#39;</strong></span> <span class='ocrx_word' id='word_1_265' title='bbox 993 4025 1140 4092; x_wconf 89' lang='lat' dir='ltr'><strong>narratio</strong></span> <span class='ocrx_word' id='word_1_266' title='bbox 1163 4022 1300 4091; x_wconf 89' lang='lat' dir='ltr'><strong>sortasse</strong></span> 
     </span>
     <span class='ocr_line' id='line_1_37' title="bbox 258 4124 1298 4222; baseline 0.001 -30"><span class='ocrx_word' id='word_1_267' title='bbox 258 4124 461 4194; x_wconf 83' lang='lat' dir='ltr'><strong>Scholiastae</strong></span> <span class='ocrx_word' id='word_1_268' title='bbox 489 4129 639 4220; x_wconf 88' lang='lat' dir='ltr'><strong>pertinet</strong></span> <span class='ocrx_word' id='word_1_269' title='bbox 667 4129 705 4196; x_wconf 90' lang='lat' dir='ltr'><strong>in</strong></span> <span class='ocrx_word' id='word_1_270' title='bbox 728 4129 922 4222; x_wconf 82' lang='lat' dir='ltr'><strong>argumento</strong></span> <span class='ocrx_word' id='word_1_271' title='bbox 952 4126 995 4194; x_wconf 90' lang='lat' dir='ltr'><strong>ad</strong></span> <span class='ocrx_word' id='word_1_272' title='bbox 1017 4129 1118 4196; x_wconf 85' lang='lat' dir='ltr'><strong>isocr.</strong></span> <span class='ocrx_word' id='word_1_273' title='bbox 1142 4127 1298 4222; x_wconf 81' lang='lat' dir='ltr'><strong>Symma-</strong></span> 
     </span>
    </p>
   </div>
   <div class='ocr_carea' id='block_1_5' title="bbox 0 0 1358 4782">
    <p class='ocr_par' dir='ltr' id='par_1_8' title="bbox 0 0 1358 4782">
     <span class='ocr_line' id='line_1_38' title="bbox 0 0 1358 4782; baseline 0 3"><span class='ocrx_word' id='word_1_274' title='bbox 0 0 1358 4782; x_wconf 95' lang='lat' dir='ltr'><strong> </strong></span> 
     </span>
    </p>
   </div>
  </div>
 </body>
</html>
