2750 4772
699 307 857 414 „Q

258 475 373 570 lippus
394 490 451 543 snt
464 464 661 544 ‹vemahttnr
688 471 799 542 adhuc
825 468 864 542 in
890 471 1048 570 Scythica
1074 473 1297 570 expeditione,

258 602 359 674 quam
378 579 530 670 Byrnntii
552 576 727 648 obsidione
748 579 937 648 intermissa
958 597 1155 673 susceperat,
1175 599 1234 649 unt
1254 607 1297 652 ex

257 706 297 751 ea
317 681 456 752 domum
476 680 618 765 redibat,
640 684 687 750 ita
707 699 747 750 nt
767 683 1008 764 Demosthenes
1035 685 1297 756 Hecatomhaeo·

255 787 308 855 nis
329 788 451 856 ultimo
473 786 655 856 decernere
676 788 815 856 omnino
837 791 1002 880 potuerit,
1024 787 1140 883 legatis
1162 790 1297 884 Philips

253 917 339 985 pum
359 895 432 959 sine
453 889 764 990 moraxadeundum
785 915 870 976 esse,
893 893 1099 986 ubicumque
1121 916 1198 960 eum
1219 917 1296 963 ver·

254 998 324 1064 sari
343 998 580 1090 compererint,
602 996 696 1064 iuris
707 995 845 1064 iurandi
857 997 1015 1065 citissime
1025 997 1177 1090 exigendi
1196 1023 1296 1068 causa

254 1099 436 1193 dandique,
458 1100 595 1168 fortasse
617 1125 662 1168 ne
682 1100 720 1168 in
741 1124 792 1184 eo,
816 1103 876 1194 qui
897 1118 971 1168 tum
990 1125 1106 1168 rerum
1126 1103 1165 1170 in
1188 1102 1295 1171 Grae-

149 1209 150 1220 ’
253 1208 307 1272 cia
331 1221 434 1273 status
461 1221 550 1286 erat,
589 1203 727 1275 domum
761 1205 901 1298 repente
933 1229 1082 1274 reversus
1114 1203 1293 1300 Philippus

253 1309 402 1402 graviora
423 1306 577 1378 adversus
598 1309 819 1378 Athenienses
849 1310 961 1379 denuo
982 1310 1240 1394 machinaretur,
1260 1315 1291 1381 si

252 1431 457 1482 sacramento
479 1411 633 1482 nondum
646 1423 740 1481 'esset
761 1411 945 1482 adstrictos.
1025 1401 1028 1406 ’

193 1561 212 1610 .'
336 1520 392 1598 At,
406 1516 495 1585 dicas
508 1535 633 1599 contra,
654 1519 743 1585 inter
752 1518 877 1609 legatos
889 1505 1090 1600 Aeschinem
1108 1519 1147 1588 in
1158 1519 1293 1590 decreto

249 1623 371 1703 afferri,
383 1647 485 1715 quem
497 1613 754 1690 Anthesterione
766 1623 850 1690 XVI.
859 1622 999 1716 Olymp.
1015 1623 1087 1704 CX,
1114 1646 1126 1689 ι
1147 1623 1293 1718 Pylago-

248 1751 322 1793 ram
338 1744 495 1807 creatum,
517 1727 546 1792 si
564 1750 712 1793 annuum
731 1725 911 1817 Pylagorse
930 1729 1052 1794 munus
1063 1726 1175 1808 fuerit,
1197 1728 1292 1820 quod

248 1855 349 1924 snpra
376 1831 595 1912 coniecimus,
626 1828 721 1898 alteri
741 1831 841 1896 etiam
861 1830 1018 1922 Pylaeae,
1052 1829 1190 1924 Olymp.
1214 1831 1288 1915 CX,

248 1960 268 2002 n
297 1935 540 2026 Metagitnione
568 1934 718 2016 habitae,
745 1935 904 2001 interesse
919 1942 1118 2028 ¹oporteret,
1141 1935 1289 2005 eundem

248 2057 360 2106 tamen
381 2063 421 2104 ex
441 2037 576 2105 decreto
603 2037 663 2106 illo
691 2036 810 2106 eodem
837 2062 952 2106 mense
982 2040 1021 2106 in
1051 2038 1288 2116 Macedoniam

248 2144 377 2210 abiisse.
431 2139 487 2208 Ad
513 2143 596 2208 haec
623 2141 828 2234 respondeo:
858 2142 896 2209 in
922 2140 1024 2211 altero
1052 2138 1113 2212 illo
1141 2143 1286 2213 concilio

247 2272 290 2313 an
323 2244 538 2314 interfuerint
565 2245 822 2314 Atheniensium
849 2245 1030 2340 Pylrgorae
1058 2249 1197 2317 omnino
1224 2246 1285 2315 ad-
1364 2309 1365 2320 ,

246 2349 470 2418 dubitandum
492 2367 550 2419 est
594 2351 688 2418 Nam·
706 2350 926 2418 Athenienses
955 2375 1023 2418 una
1049 2375 1127 2419 cum
1149 2352 1283 2420 Theba·
1364 2337 1365 2348 ³

244 2457 298 2524 nis
319 2454 487 2550 indignati
507 2457 618 2523 statim
640 2455 683 2522 de
708 2456 750 2522 iis
777 2472 886 2536 erant,
909 2480 996 2549 quae
1015 2455 1280 2549 Amphictyones

244 2561 283 2628 in
311 2562 423 2658 prima
448 2557 568 2651 Pylaea
594 2559 748 2628 adversus
770 2560 1024 2652 Amphissenses
1050 2560 1280 2648 decreverant3
1363 2637 1364 2652 χ

245 2687 347 2758 quam
377 2664 421 2731 ob
450 2687 581 2730 cansam
609 2663 652 2730 ad
681 2664 982 2731 extraordinarium
1009 2663 1109 2731 illum
1137 2688 1282 2734 conven-

243 2785 318 2854 tum
348 2765 459 2834 nullos
486 2767 612 2860 legatos
638 2770 812 2835 miserunt
863 2768 921 2834 Ad
953 2766 1179 2836 autumnalem
1199 2791 1279 2838 vero

241 2871 400 2968 Pylaeam
435 2873 464 2938 si
502 2870 725 2939 nihilominus
768 2872 948 2965 Pylagoros
995 2873 1165 2955 miserint,
1211 2875 1280 2942 Mi-

127 2973 129 2977 ’
243 2975 314 3046 dias
353 2994 387 3044 et
421 2958 618 3068 Thrasycles
657 3001 735 3044 cum
770 2977 938 3069 Diogneto
975 2977 1077 3064 mitti
1096 2978 1278 3070 potuerint.

240 3081 327 3148 Nam
349 3081 456 3175 priori
478 3081 579 3147 etiam
606 3081 750 3151 concilio
777 3105 883 3150 verno
908 3081 976 3150 duo
1010 3079 1071 3150 soii
1097 3081 1280 3174 Pyl'sgorao

239 3185 497 3254 Atheniensium
507 3209 585 3257 cum
596 3187 872 3255 hieromnemone
884 3187 1072 3282 interfuisse
1081 3185 1277 3282 videntur.')

237 3288 422 3358 Aeschines
444 3305 535 3357 certe
566 3289 662 3357 alteri
690 3289 771 3360 hnic
801 3276 945 3360 eonciiio
973 3291 1112 3359 omnino
1133 3315 1204 3360 non
1223 3291 1295 3358 in·'

239 3393 389 3462 tersnisse
410 3394 552 3462 videtur.
596 3395 664 3462 Ubi
691 3395 784 3465 enim
818 3394 861 3462 do
889 3393 1030 3466 concilio
1059 3394 1125 3464 hoc
1151 3395 1277 3464 Demo·

279 3693 304 3774 ')
324 3695 391 3758 Hoc
413 3717 446 3758 es
467 3694 505 3756 de
527 3711 611 3756 causa
631 3711 734 3774 statuo,
756 3697 841 3780 qnod
853 3698 1010 3760 Aeschines
1030 3700 1061 3760 in
1073 3697 1152 3760 Cres.
1173 3719 1205 3781 p.
1227 3699 1270 3778 69

322 3799 394 3844 extr.
417 3798 446 3842 et
469 3803 509 3864 7⁰
533 3799 604 3887 cstr.
626 3786 655 3845 in
683 3783 784 3867 priore
812 3786 864 3846 ilio
895 3787 1017 3888 concilio
1051 3808 1140 3889 verno
1172 3786 1270 3886 hiero·

320 3869 936 4042 witf“‚¹;2¹„3332'3‘2¹”¹1t?;„;23’
957 3871 1270 4022 iiiiii&

269 4103 273 4108 ,
321 4041 517 4105 defensionem
530 4043 665 4108 adversus
680 4046 925 4130 Amphissensium
937 4047 1154 4125 criminationes,
1174 4045 1270 4108 'ihres

322 4129 406 4214 syclis
428 4132 534 4193 nullam
555 4130 660 4194 inciens
681 4135 863 4196 mentionem.
