2694 4784
728 267 886 378 „ne-

247 521 250 527 ,
285 439 406 510 Aesch.
433 467 466 508 τ.
496 433 635 527 ταραντρ.
663 461 699 532 p.
728 440 773 530 39
806 441 882 508 init.
937 443 1078 510 Factum
1111 465 1189 536 ergo
1216 440 1254 510 id
1284 462 1335 512 est

284 570 400 614 mense
422 543 557 612 circiter
577 543 836 613 Anthesterione
849 545 990 640 Olymp.
1005 545 1128 628 CVIII,
1152 572 1171 614 2
1194 548 1238 638 (v.
1256 574 1332 642 cap.

258 677 358 745 sup.
387 673 439 716 nr.
469 649 512 730 3).
563 648 722 740 Dumque
739 649 879 716 interea
904 651 1047 718 Athenis
1075 649 1229 745 de'pace
1252 677 1336 720 cum

176 775 177 780 ’
283 753 437 848 Philippi
459 752 578 844 legatis
602 753 775 844 agebatur,
804 772 838 820 et
865 778 938 821 eam
961 754 1206 824 confirmabant
1226 757 1335 823 Athe-

282 860 426 938 nienses,
451 855 626 950 Philippus
648 859 687 923 in
709 857 855 924 Thracia
879 858 1131 953 Cetsobleptem
1154 862 1334 953 oppressit,

282 963 408 1055 illaque
421 960 582 1027 Thraciae
605 959 736 1029 castella
754 964 964 1055 expugnavit,
988 987 1073 1056 quae
1086 963 1211 1031 Chares
1225 965 1335 1034 Athe-

281 1067 452 1134 niensium
473 1082 545 1130 tum
564 1067 724 1159 temporis
747 1068 784 1133 iu
796 1065 1012 1159 Hellesponto
1034 1069 1216 1161 imperator
1231 1093 1336 1161 prae-

281 1170 375 1238 sidiis
389 1171 554 1261 impositis
568 1168 783 1238 custodiebat.
827 1171 999 1240 Demosth.
1010 1171 1102 1238 Phil.
1116 1171 1174 1252 III,
1197 1198 1232 1264 p.
1251 1197 1260 1239 1
1275 1173 1332 1260 τίς

207 1269 209 1274 ’
281 1274 299 1344 ὃ
330 1277 435 1342 τοίνυν
466 1277 621 1352 Φίλιππος
647 1273 816 1364 ἓξιᾶρχῆς,
851 1276 922 1363 ἄρτι
950 1277 1007 1362 τῆς
1028 1276 1151 1364 εῖρήνης
1171 1269 1334 1364 ’γεγονυίας

163 1419 167 1440 ,
206 1374 210 1382 ’
281 1420 325 1434 -
347 1379 477 1467 Σίρῥιον
504 1381 555 1444 καί
577 1381 736 1462 Δορίσκον
765 1377 997 1464 κατελάμβανε,
1020 1384 1071 1448 καὶ
1098 1380 1226 1458 tudelle
1248 1389 1334 1473 Σερ-

281 1487 350 1573 ῥίον
372 1486 493 1568 τείχους
513 1485 563 1549 καὶ
586 1484 671 1571 ἱίροο
693 1483 787 1566 ὅρους
816 1482 1011 1572 στρατιώτας
1032 1484 1192 1568 ἐξέβαλλεν
1197 1536 1208 1568 ,
1233 1485 1291 1566 οὓς
1313 1485 1330 1554 ὃ

260 1587 430 1675 ’ὑμέτερος
456 1586 633 1676 στρατηγὸς
662 1573 893 1674 ἓνκατίστηοεν.
921 1590 1022 1655 καίτοι
1053 1595 1153 1657 ταῦτα
1181 1590 1329 1678 πράττων

279 1697 313 1760 τί
332 1693 442 1776 ἔντοίει;
466 1691 589 1780 εἰρήνην
609 1690 749 1779 μὲνγὰρ
770 1685 968 1788 sipontinus)
1012 1693 1183 1760 Postrema
1203 1693 1330 1762 horum

278 1795 496 1891 hyperbolice
533 1798 638 1890 magis
673 1794 776 1878 dicte,
820 1821 923 1888 quam
954 1795 998 1864 ad
1029 1799 1203 1864 veritatem
1238 1819 1331 1867 sunt.

278 1903 366 1972 Aliis
390 1904 482 1968 euim
504 1901 631 1992 ubique
652 1899 735 1968 loeis
758 1900 801 1966 oh
829 1900 868 1968 id
889 1902 1037 1968 maxime
1064 1903 1103 1968 in
1124 1901 1333 1995 Philippum

278 2007 451 2074 invehitur
481 2003 742 2085 Demosthenes,
777 2004 868 2096 quod
907 2007 944 2072 in
972 2007 1046 2099 ipso
1075 2030 1114 2074 eo
1144 2027 1331 2093 momento,

279 2135 347 2202 quo
383 2109 427 2176 de
460 2133 544 2201 pace
577 2106 687 2174 adhuc
720 2107 871 2175 iucunda
903 2129 1071 2203 ageretur,
1110 2129 1144 2178 et
1171 2111 1333 2182 nondum

270 2214 459 2306 Philippus
486 2215 538 2278 ius
569 2211 753 2280 iurandum
781 2212 945 2297 dedisset,
975 2213 1117 2283 castellis
1145 2215 1212 2284 illis
1233 2218 1333 2285 iuiu-

276 2322 328 2388 ria
357 2321 401 2388 sit
428 2319 566 2412 potitus.
614 2318 653 2384 V.
685 2341 734 2385 or.
764 2316 807 2384 de
831 2318 993 2388 Cherson.
1020 2345 1056 2414 p.
1089 2323 1159 2390 105.
1209 2322 1332 2416 Atque

276 2427 314 2493 in
338 2447 386 2493 or.
409 2451 442 2492 π.
465 2447 604 2511 παροπρ.
627 2422 789 2490 Aeschini
817 2428 992 2517 exprobrat
1020 2440 1055 2491 et
1081 2423 1239 2517 reliquis,
1263 2429 1332 2521 qui

276 2555 391 2598 secum
412 2527 456 2596 ad
477 2529 529 2594 ius
559 2526 740 2595 iurandum
771 2553 790 2594 a
811 2527 969 2622 Philippo
993 2529 1193 2622 exigendum
1215 2551 1331 2601 essent

263 2637 314 2716 ,in
340 2631 585 2706 ,Macedoniam
614 2632 774 2726 proiecti,
805 2631 843 2698 id
873 2657 928 2700 eos
957 2649 1026 2701 toto
1057 2634 1177 2702 itinere
1207 2637 1326 2728 egisse,

275 2735 454 2831 Philippus
476 2753 514 2827 ut
535 2759 685 2803 reversus
706 2734 853 2802 demum
881 2761 918 2802 ex
939 2736 1103 2819 Threcia,
1135 2741 1325 2832 occupatis-

275 2868 342 2936 que
356 2845 425 2909 iam
439 2864 501 2934 per
518 2839 622 2920 nefas,
646 2863 733 2932 quae
746 2857 940 2930 exoptasset,
961 2865 1081 2933 pacem
1092 2842 1163 2938 iure
1179 2844 1327 2913 iurando

276 2947 507 3016 confirmaret:
529 2969 564 3036 p.
587 2945 662 3034 390,
685 2943 759 3030 448.
805 2944 857 3011 Cf.
880 2970 953 3037 cap.
981 2969 1055 3038 sup.
1077 2971 1131 3014 nr.
1158 2971 1185 3013 1.
1231 2949 1329 3041 Ipsc-

276 3068 343 3144 que
366 3052 466 3120 etiam
486 3048 685 3131 Aeschines,
717 3051 779 3115 etsi
802 3047 1012 3118 castellorum
1034 3048 1169 3120 illorum
1190 3052 1331 3122 nullam

273 3158 374 3226 faciat
402 3157 626 3238 mentionem,
661 3152 916 3248 Cersobleptem
948 3173 1061 3222 tamen
1094 3154 1261 3223 devictum
1293 3178 1333 3226 et

273 3262 478 3332 Hieronoros
521 3277 746 3353 expugnatum
793 3283 863 3326 esse
899 3257 1004 3328 refert
1041 3258 1329 3353 Elaphebolionis

273 3368 345 3436 iam
367 3365 485 3436 XXIV
507 3367 595 3454 (ίκνῃ
616 3366 733 3456 putu),
758 3388 865 3458 quum
886 3363 998 3457 legati,
1021 3365 1141 3457 quibus
1162 3367 1248 3433 iuris
1270 3367 1332 3434 iu-

317 3748 344 3841 ἦ)
366 3756 468 3840 Itaque
491 3753 698 3838 Cersohleptes
720 3768 798 3814 ratus
811 3752 981 3836 Philippum
1002 3775 1019 3813 a
1040 3749 1173 3814 castellis·
1187 3751 1245 3814 illis
1266 3754 1325 3814 ab·

359 3847 520 3904 stenturuui
547 3863 624 3920 esse,
653 3843 678 3901 si
705 3841 735 3900 in
756 3841 992 3922 Atheniensium,
1022 3840 1197 3924 quibuscum
1219 3863 1327 3924 pacem

358 3930 482 3992 initurus
516 3944 590 4006 erat,
623 3927 755 3990 custodia
777 3945 974 4005 versarentur,
989 3921 1113 3989 'Chareti
1135 3926 1328 3990 eatradide-

359 4031 413 4078 rat.
457 4016 611 4077 Charetem
638 4015 726 4076 fuisse
754 4016 915 4077 Aeschines
941 4013 1028 4076 docet
1054 4037 1088 4076 τι.
1117 4033 1259 4098 παραπρ.
1288 4039 1330 4100 p.

359 4102 403 4180 40
426 4104 488 4162 init.
