2740 4774
561 215 718 320 *an*

191 377 361 449 ,Eundem
393 381 638 474 Mnesiphilum
668 381 811 460 alterum
839 385 940 451 etiam
975 383 1158 470 decretum,

42 556 49 573 „
124 482 356 566 Callisthenis„
381 484 535 576 praefert.
580 486 680 554 Unde
712 485 754 556 ad
783 486 930 556 eiusdem
959 490 1040 554 anni
1063 475 1158 556 Mae-

41 573 44 698 ξ
120 589 354 659 mactationem
380 581 596 658 referendum
632 590 720 658 illud
757 615 827 660 esse
865 593 1034 660 coniicias.
1087 593 1156 659 Sed

39 729 42 792 j
121 692 201 760 baec
221 694 383 760 sententia
404 693 519 761 multis
543 693 585 762 tle
608 697 713 771 causis
735 698 845 774 minus
867 697 1038 788 probatur.
1081 697 1157 762 Pri-

120 821 220 878 mum,
243 795 336 890 quod
357 815 473 865 auctor
495 797 620 866 decreti
643 799 865 867 Callisthenes
899 817 948 898 est
981 798 1072 866 idem
1094 803 1154 892 qui

120 898 172 966 Ol.
206 900 336 981 cvllt,
367 925 386 966 a
415 903 678 995 Scirophorione
708 903 843 972 XXVII
877 901 1049 972 decretum
1077 903 1155 972 tulit

119 1001 231 1072 similis
253 1007 458 1098 argumenti3
488 1024 560 1073 tum
588 1005 680 1099 quod
712 1006 768 1074 Ol.
798 1008 910 1075 CVIII
917 1059 929 1090 ,
957 1033 976 1074 a
1006 1008 1154 1074 Maema-

120 1110 264 1176 oterione
285 1109 477 1202 vigiliarum
504 1111 541 1176 in
569 1108 709 1178 castellis
735 1111 966 1181 habendarum
991 1112 1153 1204 fugaeque

118 1236 151 1278 ex
171 1215 255 1304 agris
270 1212 498 1306 'capessendae
519 1212 612 1308 nulla
634 1214 745 1283 adhuc
768 1215 1030 1283 Atheniensibus
1052 1216 1153 1300 insta-

114 1316 170 1384 bat
190 1321 378 1400 necessitas,
402 1319 530 1411 quippe
553 1309 646 1410 quod
667 1317 844 1410 Philippus
871 1318 990 1386 eodem
1013 1317 1153 1411 quidem

114 1444 217 1502 anno,
256 1422 316 1489 sed
357 1445 471 1490 mense
502 1420 638 1488 demum
670 1421 934 1515 Elaphebolione
975 1423 1152 1490 Graeciam
1247 1411 1250 1418 ¹

113 1526 276 1620 ingressus
299 1529 352 1596 sit.
397 1525 584 1617 Sin'igitur
612 1543 688 1618 post
715 1525 867 1618 Philippi
896 1527 1151 1622 impressionem
1275 1592 1279 1598 ,

112 1628 243 1697 decreta
273 1648 322 1698 est
350 1630 490 1698 Athenis
522 1631 727 1715 σκευαγωγία,
763 1630 938 1696 referenda
961 1654 999 1697 ea
1021 1629 1086 1694 erit
1107 1627 1150 1697 ad

112 1734 167 1818 Ol.
206 1734 284 1814 CX,
332 1758 351 1800 a
398 1733 701 1832 Elaphebolionem
740 1750 797 1800 aut
842 1732 1148 1824 Scirophorionem,

112 1855 166 1906 aut
187 1855 361 1907 consecuta
384 1834 521 1904 demum
548 1839 592 1904 sit
619 1854 697 1928 post
725 1835 856 1904 cladem
879 1837 1148 1918 Chaeronensem

112 1941 167 2009 Ol.
191 1943 270 2023 CX,
302 1944 321 2010 3
346 1941 598 2030 Metagitnione,
620 1941 657 2007 id
687 1939 780 2032 quod
805 1941 945 2008 maxime
965 1938 1170 2016 verisimile

111 2064 175 2127 est,
204 2044 299 2139 quod
321 2062 393 2113 tum
426 2043 545 2110 similis
568 2044 755 2136 argumenti
779 2041 949 2112 decretum
970 2043 1077 2110 latum
1098 2059 1147 2110 est

113 2151 151 2216 ab
171 2149 352 2242 Hyperide.
399 2148 450 2214 Cf.
474 2171 546 2240 cap.
570 2149 627 2214 VI.
649 2173 685 2240 p.
717 2147 790 2216 263.
833 2147 952 2241 Neque
974 2146 1146 2214 decretum

108 2255 171 2323 hoo
191 2255 309 2322 referri
331 2269 441 2346 potest
462 2250 505 2316 ad
528 2275 601 2316 eam
623 2252 846 2336 oxevnyoyluv,
878 2276 962 2343 quae
989 2251 1075 2318 facta
1097 2267 1146 2318 est

110 2359 165 2425 01.
189 2358 281 2440 CXI,
305 2381 323 2424 a
348 2355 446 2422 allato
467 2355 615 2421 Athenas
637 2355 763 2421 nuncio
791 2353 833 2420 de
855 2355 980 2420 Thebis
1003 2355 1044 2420 ab
1066 2352 1145 2421 Ale·
1245 2381 1247 2386 ’
1275 2425 1279 2434 ,

106 2460 232 2530 xantlro
255 2462 381 2531 excisis.
426 2460 517 2526 llaec
539 2459 630 2524 enlm
650 2457 774 2528 incidit
795 2459 833 2522 in
856 2475 985 2550 tempus
1002 2459 1144 2550 Magno·

105 2589 182 2636 rum
204 2566 453 2657 Mysteriorum,
475 2564 541 2632 hoc
564 2580 612 2630 est
633 2563 670 2628 in
685 2583 835 2628 mensem
852 2563 1143 2632 Boedromionem.

105 2670 148 2736 V.
169 2672 302 2740 Arrian.
332 2692 402 2759 exp.
432 2669 474 2734 A.
505 2668 539 2749 1,
572 2693 606 2760 p.
641 2671 686 2748 28
704 2663 877 2732 Blancard.
925 2669 1016 2752 Quae
1039 2689 1144 2757 quum

105 2775 149 2840 ita
170 2777 246 2854 sint,
270 2775 313 2840 ob
327 2773 567 2840 Callisthenem
588 2773 794 2863 praesertim,
813 2769 940 2838 decreti
962 2789 1142 2852 auctorem,

103 2903 216 2944 rursus
244 2877 286 2943 ad
313 2874 396 2944 belli
423 2877 602 2944 Phocensis
631 2875 735 2942 finem
763 2874 976 2942 redeundum
1001 2874 1142 2950 videtur.

104 2983 220 3072 Neque
242 2982 390 3049 invenies
414 2978 507 3071 quod
528 2978 734 3070 probabilius
754 2977 806 3044 de
836 2978 970 3046 decreto
992 2979 1056 3048 hoc
1078 2998 1143 3048 sta·
1180 2991 1182 2998 “

103 3088 151 3152 tui
173 3089 276 3178 possit
299 3107 348 3164 eo,
372 3081 465 3174 quod
486 3083 629 3149 coniecit
643 3082 831 3149 Boeclhius
846 3081 869 3148 l.
886 3106 914 3158 c,
929 3109 962 3176 p.
978 3107 1015 3174 9:
1039 3083 1140 3179 paulo

104 3207 180 3282 post
201 3189 498 3280 Scirophorionem
526 3183 581 3250 Ol.
606 3185 734 3267 CVllI,
764 3183 931 3253 credisse
953 3187 996 3259 ad
1017 3189 1155 3266 secuta·
1218 3179 1227 3188 '

66 3347 67 3350 η
103 3309 204 3361 tatem
237 3285 494 3385 Atheniensium
523 3291 668 3369 animos,
709 3288 933 3383 sed-aliquot
968 3295 1140 3360 mensibus

103 3416 180 3495 post
202 3396 346 3464 eundem
370 3393 608 3460 Callisthenem
632 3395 674 3462 ob
703 3412 871 3462 recentem
902 3396 1049 3488 aliquam
1065 3396 1140 3462 Ior-

103 3501 267 3568 midinem
302 3488 415 3566 'denuo
452 3497 562 3564 simile
597 3497 769 3566 decretum
805 3502 1017 3592 proposuisse
1051 3501 1142 3564 inse·

105 3608 222 3698 quenti
253 3604 548 3680 MaemacterIone‚
591 3605 720 3670 omissis
755 3621 865 3670 tamen
892 3607 950 3682 iis,
979 3627 1065 3693 quae
1097 3601 1139 3664 de

103 3709 283 3790 Heracleis,
306 3711 387 3775 item
410 3731 495 3800 quae
519 3704 561 3771 de
572 3707 708 3774 Piraeeo
731 3726 765 3774 et
785 3706 925 3773 castellis
949 3703 1139 3769 muniendis

105 3813 194 3882 dicta
216 3829 319 3892 erant,
342 3830 538 3904 propterca,
563 3809 655 3902 quod
685 3812 766 3880 baec
788 3810 917 3877 munita
940 3826 1033 3875 eraut
1053 3809 1140 3871 inte·

103 3919 189 3999 rim,
220 3920 266 3984 ita
294 3933 331 3981 ut
361 3915 486 3982 deferri
517 3914 667 4006 supellex
697 3917 734 3982 in
762 3915 909 3986 munitos
940 3910 1016 3978 illos
1049 3909 1139 3976 locos
1194 3997 1196 4002 ,
