2750 4772
238 417 447 486 Athenarum
467 430 545 506 post
564 411 695 482 cladem
717 410 760 477 ael
774 409 1003 476 Chaeroneam
1019 399 1119 474 sums
1139 409 1284 475 hisver-

238 525 291 589 his
325 519 539 586 describitur:
573 519 675 582 υαίτοι
702 519 769 584 κατ’
803 519 935 592 ἐιαίιους
962 513 1037 589 τοὺς
1058 512 1192 599 χοίιους
1221 513 1285 580 oen

236 627 322 694 'ihm
343 625 412 709 ἣτις
439 619 542 706 &tuda
562 621 600 686 αὖ
622 622 794 703 παρέσχετο
820 616 921 703 «sirpe
940 620 985 694 εἷς
1005 615 1064 700 τὴν
1085 623 1142 701 τῆς
1160 614 1286 694 πόλεως

240 731 413 816 σωτηρίαν,
446 725 498 790 ὅτε
519 721 539 807 'l
560 726 618 807 μέν
633 725 726 811 χώρα
746 724 787 788 τὰ
809 725 925 809 δένδρα
945 720 1163 802 συνεβάλλετο,
1193 721 1225 786 οἳ
1247 721 1286 786 δὲ

239 831 486 914 τετελευτηκότες
507 828 565 904 τὰς
585 828 699 914 θήκας,
722 829 753 894 οἳ
774 829 809 892 δὲ
830 828 892 892 υεόι
914 825 954 892 τὰ
966 825 1057 890 inim
1078 823 1284 906 ἔπαιελοῦιτα

240 938 301 1023 γὰρ
325 937 354 1000 οἱ
375 935 433 1017 μὲν
454 938 522 1014 τῆς
550 938 624 996 τῶν
656 939 795 1015 τειχῶν
814 936 1078 1013 κατασκευῆς,
1107 929 1193 994 οἶδὲ
1212 935 1287 1012 τῆς

243 1047 318 1106 τῶν
347 1037 519 1124 τάφρων,
554 1036 585 1100 οἳ
614 1037 650 1100 δὲ
681 1044 749 1120 τῆς
765 1033 1043 1122 χαρακώσεως·
1072 1033 1174 1109 αὖιίεὶς
1193 1035 1221 1097 δ’
1243 1025 1287 1118 ἦν

244 1141 342 1227 ἆργὸς
362 1148 425 1205 τῶν
445 1143 479 1204 εἰι
499 1145 538 1226 τῇ
559 1139 657 1205 πόλει.

333 1244 420 1309 Cum
449 1243 503 1306 his
525 1244 553 1307 si
581 1242 730 1307 conferas
754 1241 811 1322 id,
841 1242 935 1334 qnod
956 1241 1197 1308 Demosthenes
1216 1239 1287 1304 tria

247 1348 307 1414 illa
328 1346 462 1425 talenta,
486 1370 570 1436 quae
591 1347 629 1410 in
650 1345 915 1413 administrando
944 1339 1118 1430 τειχοποιοὶ·
1141 1367 1287 1410 munere

247 1453 296 1518 rei
319 1452 473 1542 publicae
495 1450 705 1530 condonavit,
726 1452 762 1515 in
784 1451 883 1517 fossas
904 1453 1100 1544 praesertim
1121 1449 1210 1514 cirea
1225 1448 1288 1514 Pi-

247 1579 361 1620 raeum
391 1551 560 1618 ducendas
582 1556 878 1645 consumpserit*),
910 1579 1025 1621 nonne
1051 1553 1137 1618 hane
1159 1553 1288 1618 Demo-

247 1661 419 1725 stheneam
453 1681 629 1723 murorum
669 1657 931 1725 reficiendorum
970 1683 1084 1725 curem
1124 1655 1168 1721 ad
1209 1679 1287 1721 eam

247 1765 354 1854 ipsam
387 1760 610 1828 calamitosam
644 1763 853 1827 Athenarum
888 1761 1116 1829 conditionem
1144 1763 1286 1828 omnino

248 1865 467 1934 revocandam
488 1889 557 1931 esse
579 1865 760 1932 concedes?
783 1866 846 1932 Sin
868 1870 992 1948 minus,
1013 1889 1131 1933 vereor
1145 1889 1190 1930 nc
1211 1867 1286 1956 ipse

250 1989 281 2038 tc
314 1971 424 2036 vincat
453 1969 711 2050 Demosthenes,
741 1973 814 2062 ipse
836 1974 934 2036 etiarn
955 1971 1148 2037 Aeschines.
1192 1967 1285 2035 Illius

250 2076 342 2140 enim
364 2074 510 2165 primum
533 2073 720 2138 Dinarchus
743 2075 914 2140 decretum
943 2075 1038 2140 affert
1059 2076 1107 2155 (in
1130 2074 1226 2139 Dem.
1248 2097 1285 2165 p.

252 2175 319 2266 56),
343 2201 410 2268 quo
433 2177 519 2242 cives
542 2179 590 2242 ἐπὶ
612 2178 653 2242 τὰ
674 2177 749 2263 ἔργα
776 2203 846 2244 sese
869 2179 1020 2245 conferre
1049 2180 1131 2244 iussi
1151 2178 1285 2244 suerint.

252 2281 325 2372 lpse
337 2303 414 2346 vero
427 2279 667 2346 Demosthenes
678 2281 875 2348 industriam
898 2307 991 2348 suam
1003 2281 1191 2374 populique
1203 2305 1286 2348 con-

251 2403 393 2452 stantem
415 2409 492 2473 erga
515 2407 549 2449 se
571 2383 772 2452 voluntatem
793 2389 830 2451 in
853 2405 997 2452 extrema
1024 2385 1082 2451 illa
1101 2389 1152 2451 rei
1173 2387 1288 2478 publi-

252 2513 309 2556 cae
336 2489 520 2556 calamitate
549 2489 601 2554 his
633 2493 832 2580 gravissimis
870 2491 981 2557 verbis
1012 2489 1170 2556 celebrat:
1206 2493 1288 2576 μετὰ

298 2820 500 2927 ')Aescl=.1n
523 2825 602 2883 Ctes.
624 2848 655 2905 p.
680 2830 730 2903 87.
763 2843 835 2885 extr.
860 2827 898 2885 ad
919 2827 1156 2908 Ctesiphontem:
1184 2823 1212 2888 εί
1229 2823 1287 2905 μέι

340 2905 440 3016 palo
422 2906 536 2989 ίίγεις,
567 2905 665 2970 offer
693 2906 763 2989 τὴν
783 2908 909 2994 ἀρχὴν
930 2915 1002 2973 τοῦ
1022 2911 1288 2994 ψηφίσματος

342 2991 522 3073 ἐποιήσω,
546 2992 605 3056 ὄτι
626 3017 695 3067 τας
715 2992 894 3079 τάφρους
914 2997 982 3071 τὰς
1003 2997 1089 3080 περί
1117 2995 1162 3059 τὰ
1183 2998 1286 3081 τείχη

341 3082 508 3154 καλῶς’
494 3077 723 3164 ετάφρευσε,
746 3081 909 3188 ..harpago
939 3089 1007 3148 σοῦ.
1030 3121 1071 3130 -
1093 3088 1288 3148 Demochares

344 3170 372 3228 in
400 3169 556 3252 deputato
584 3171 704 3230 decreto
745 3175 775 3230 in
812 3175 955 3233 honorem
987 3175 1188 3234 Demosthenis
1219 3177 1286 3252 lato,

342 3255 425 3336 quod
446 3273 535 3316 exstat
556 3279 602 3356 ap.
624 3258 765 3318 Pseudo·
769 3259 845 3317 Plut.
869 3264 919 3320 rit.
941 3261 982 3320 X.
1005 3284 1064 3320 orr.
1086 3260 1153 3319 Vol.
1166 3261 1233 3320 XII.
1253 3285 1285 3342 p

344 3345 416 3418 275.
439 3344 477 3400 ll.
485 3345 670 3419 ‚restitutis,
699 3367 775 3426 qnae
795 3347 972 3406 restituenda
993 3363 1075 3406 sunt:
1105 3343 1155 3405 καί
1176 3341 1224 3406 ὅτι
1246 3347 1288 3418 είς

345 3447 403 3503 ττι
438 3429 625 3504 τειχοποιίαν
655 3426 933 3509 χειροτονηθείς
916 3455 978 3494 υιιο
1000 3435 1057 3494 τοῦ
1086 3427 1187 3511 δήμου
1217 3432 1288 3515 τρία

343 3477 480 3574 trilono
507 3513 653 3590 ἐπέδωκε,
683 3511 752 3576 clio
780 3513 953 3628 τάφρους
984 3517 1068 3600 περὶ
1094 3515 1163 3579 τὸν
1189 3519 1288 3581 Πει-

344 3601 435 3681 ραιᾶ
463 3622 702 3682 ταφρευσας,
731 3600 812 3682 μετὰ
839 3601 897 3678 τὴν
925 3606 959 3667 ιἰι
978 3605 1157 3691 Χαιρωνεία
1175 3602 1287 3687 μιίχηι.
1350 3681 1351 3690 ¹

346 3689 496 3748 Demostli.
526 3689 564 3748 de
594 3711 653 3748 cor.
675 3713 708 3770 p.
738 3695 818 3752 325:
849 3688 904 3752 τὸν
933 3691 968 3754 δε
989 3715 1146 3771 τειχισμιιι
1168 3697 1284 3800 τρῦτοι,

344 3769 382 3838 ὃν
413 3795 453 3836 συ
481 3793 543 3852 μου
564 3771 716 3856 διέσυρες,
743 3775 795 3838 καί
815 3799 872 3858 την
892 3779 1043 3885 ταφρείαν
1062 3775 1100 3842 ίί
1087 3799 1135 3840 ια
1150 3802 1212 3882 μεν
1228 3776 1287 3858 χά-

348 3881 434 3940 ριτος
464 3859 557 3924 κωί’
542 3859 668 3924 ειιαίιυυ
695 3863 807 3942 τρίιω.
828 3899 870 3910 -
899 3887 1023 3938 τουτοις
1041 3858 1161 3976 [ταῖςς
1144 3865 1194 3928 υιι’
1216 3861 1286 3944 ἔμοίι

347 3942 627 4049 πεπολιτευμένοις]
659 3946 847 4026 ἐτείχισα
812 3973 871 4030 την
888 3947 998 4030 χώραν
1018 3952 1086 4034 ουχὶ
1107 3975 1164 4016 τοι
1181 3947 1288 4015 riolos

343 4027 444 4116 μόνον
465 4037 520 4096 τοῦ
542 4033 699 4115 Πειραιῶς
719 4032 792 4100 ταδί
811 4041 868 4102 τοῦ
888 4033 1009 4112 ἄστεος.
