2740 4774
677 314 963 416 jor„

233 487 361 568 missis,
384 481 504 575 quihus
527 479 728 562 Aeschines,
753 505 793 548 ex
816 481 920 548 altera
942 478 985 549 nd
1008 475 1205 573 Philippum
1226 470 1273 550 le*

235 593 368 684 gotione
397 609 566 666 reversus,
594 586 762 677 populum
784 586 972 678 deceperit,
1005 589 1039 652 τέ
1063 580 1118 652 οὖν
1152 590 1271 674 συνέβη,

235 699 295 774 uit,
317 692 397 779 μετὰ
419 693 504 758 ταῦτ’
527 689 636 773 stote,
672 691 727 756 οὔκ
758 691 801 768 εἷς
821 690 964 777 μακράν;
996 690 1071 767 τοὺς
1090 692 1148 773 μέν
1169 699 1274 758 ταλαι-

230 797 357 885 πώρους
382 796 511 872 Φωκέας
539 793 713 861 ἀπολέσθαι
742 798 791 861 καλ
814 801 1051 883 κατασκαφῆναι
1072 793 1142 883 τᾲς
1163 794 1276 872 ’πόλεις

235 904 352 983 αὐτῶν,
383 898 465 984 ὑμᾶς
494 900 520 963 d’
538 894 673 983 Ιἡσυχίαν
705 900 840 986 ἄγοντας
869 901 919 964 καὶ
957 896 1059 987 τούτῳ
1076 899 1276 976 πεισθέντας

234 1005 364 1094 σμικρὸν
385 1001 516 1089 ὕστερον
538 1013 738 1088 σκευαγωγεῖν
760 1006 792 1069 ἐκ
813 1009 877 1069 τῶν
898 1001 1017 1087 ἀγρῶν·
1041 1017 1141 1094 utque
1162 1000 1275 1094 paullo

233 1128 325 1204 post:
349 1109 415 1194 λέγε
436 1131 490 1191 μοι
512 1106 548 1172 τὸ
571 1110 627 1172 τοῦ
649 1107 886 1182 Καλλισθένους
907 1104 1069 1194 ψήφισμα.
1114 1107 1160 1171 At
1186 1105 1277 1196 quod

234 1235 307 1284 tum
336 1212 487 1304 sequitur
518 1205 734 1276 Callisthenis
768 1207 960 1275 decretum·
978 1209 1020 1274 ab
1055 1207 1114 1276 illo
1141 1231 1275 1299 prorsus

169 1381 172 1388 .
234 1319 401 1387 diversum
431 1328 489 1381 est.
535 1311 628 1379 Illud
656 1312 748 1378 enim
778 1314 806 1377 si
834 1312 941 1378 latum
971 1335 1010 1380 eo
1041 1313 1116 1403 ipso
1137 1309 1194 1378 die
1216 1331 1274 1396 est,

234 1445 302 1518 quo
332 1416 496 1511 Dercylns
526 1419 691 1483 nuncium
719 1416 831 1483 attulit
856 1413 1018 1508 depacto
1042 1413 1210 1500 Phalaeci,
1239 1416 1276 1484 id

234 1526 326 1622 quod
346 1523 489 1617 probare
516 1520 749 1588 Demosthenis
775 1521 876 1586 verba
903 1519 1074 1588 videntur:
1111 1525 1162 1587 καλ
1190 1517 1294 1606 inere.

232 1633 320 1700 tui?
346 1628 533 1704 ἀκούσαντες
563 1623 687 1701 εἰκότως
716 1625 864 1701 κάκείνοις
896 1623 1094 1710 συνήχθεσθε
1116 1628 1166 1690 καλ
1189 1625 1278 1692 αὐτοὶ

175 1769 177 1780 ¹
233 1737 460 1821 ἐξεπέπληχθε,
484 1732 535 1796 καὶ
557 1730 728 1816 έψηφέζεθε
749 1730 800 1794 καὶ
822 1730 937 1804 παῖδας
964 1730 1014 1792 καὶ
1041 1751 1106 1813 γυν.Ι
1137 1757 1165 1796 κ.
1195 1755 1223 1796 τ.
1246 1735 1275 1796 λ.

232 1847 277 1925 (π.
300 1861 438 1925 παραπρ.
461 1859 495 1926 p.
520 1835 606 1923 379),
629 1854 699 1897 non
712 1829 817 1898 letum
840 1830 940 1897 estin
955 1831 1156 1912 conciones
1178 1855 1278 1924 prae-

233 1945 359 2013 toribus
382 1953 559 2008 convocata
585 1934 769 2022 (συγκλήτου
797 1937 957 2019 ἐκκλησίας
989 1929 1050 2000 ὑπὸ
1074 1943 1276 2024 στρατηγῶν,

234 2047 327 2142 quod
356 2043 603 2136 praescriptum
625 2056 675 2105 est
702 2037 836 2105 decreto
865 2040 1062 2124 insiticio).·
1087 2039 1262 2132 congrega

233 2169 301 2222 tom
331 2150 424 2216 enim
449 2149 518 2212 iam
545 2143 806 2234 Seirophorione
833 2142 967 2212 XXVII
998 2141 1162 2235 Dercylus
1196 2169 1279 2212 con-

234 2259 366 2326 cionem
392 2253 429 2318 in
459 2250 595 2316 Piraeeo
625 2263 659 2314 et
691 2244 733 2311 de
765 2245 939 2313 navalibus
973 2265 1124 2336 agentem
1146 2250 1279 2317 invenit

232 2359 343 2446 (Dem.
373 2385 406 2424 π.
434 2377 574 2443 παραπρ.
602 2375 637 2446 p.
661 2339 749 2440 359).
802 2350 902 2434 Quod
935 2351 964 2416 si
991 2352 1102 2418 minus
1136 2367 1277 2436 constet,
1362 2427 1363 2456 ,

230 2465 337 2534 latum
365 2480 476 2529 tamen
507 2457 679 2524 decretum
708 2453 923 2522 Callisthenis
944 2453 1040 2524 illud
1082 2459 1199 2549 utique
1227 2475 1280 2526 est

232 2569 288 2638 die
310 2564 608 2656 Scirophorionem
631 2559 773 2633 XXVII
787 2561 937 2652 proxime
964 2560 1176 2653 insequenti,
1204 2581 1279 2630 non

232 2668 514 2743 Maemaoterione
537 2665 631 2745 XXI,
654 2687 756 2755 quem
777 2663 950 2730 decretum
970 2665 1155 2732 insiticium
1176 2689 1280 2758 prae·

192 2837 194 2844 ,
228 2775 306 2845 'sert
350 2773 524 2838 Praeterea
550 2765 639 2834 nihil
668 2769 707 2832 in
738 2767 804 2836 hoc
827 2767 961 2836 decreto
983 2767 1067 2860 legis
1090 2768 1133 2835 de
1154 2769 1281 2838 mulie·

129 2899 134 2908 “
231 2880 325 2948 ribus
352 2875 533 2970 puerisque
565 2872 604 2936 in
630 2870 749 2936 urbem
779 2870 1007 2964 asportandis,
1041 2873 1130 2939 nihil
1153 2873 1196 2941 de
1219 2876 1280 2942 Pi-

231 3003 328 3050 raeeo
356 2975 566 3068 castellisque
595 2976 883 3060 communiendis,
917 2975 1005 3043 nihil
1034 2976 1077 3044 de
1104 2977 1278 3048 Hemeleis

231 3110 302 3156 non
321 3081 424 3166 soris,
457 3080 517 3149 sed
536 3081 572 3148 in
594 3079 678 3145 urhe
700 3079 847 3174 agendis.

320 3187 413 3273 Quoe
442 3209 548 3280 quum
576 3185 624 3251 ita
645 3185 734 3266 sint,
768 3185 853 3278 quid
875 3184 1087 3253 statuendum
1108 3207 1210 3258 resta
1230 3191 1280 3262 de

230 3297 295 3363 hoc
317 3289 528 3358 Callisthenis
550 3286 679 3380 illoque
700 3287 833 3357 decreto
856 3289 1116 3360 Demosthenis?
1159 3296 1281 3388 Atque

229 3394 463 3468 Demosthenis
491 3411 580 3461 certe
614 3391 786 3459 decretum
807 3395 855 3460 ito
875 3392 928 3462 illi
950 3393 1091 3464 Senatus
1118 3400 1279 3470 consulto

228 3515 412 3598 repugnet,
441 3497 534 3590 quod
561 3495 666 3562 lotum
694 3514 743 3564 est
776 3497 916 3592 Olymp.
940 3499 1069 3582 CVIII,
1104 3504 1280 3596 nMnny-

230 3607 352 3676 chione
380 3603 431 3670 III
459 3600 502 3666 de
529 3599 727 3667 maturanda
757 3601 941 3694 legatorum
969 3605 1197 3698 profectione,
1234 3625 1279 3677 ut

229 3735 292 3780 nee
323 3706 514 3777 mutilatum
546 3727 611 3771 nee
641 3713 853 3798 quecumque
883 3709 1013 3775 ratione
1052 3707 1278 3802 depravatum

228 3812 318 3884 illud
345 3812 494 3905 reperire
515 3810 552 3875 in
573 3825 685 3876 nostro
713 3835 825 3902 queas.
882 3812 970 3879 Nam
998 3813 1093 3904 quod
1114 3814 1195 3898 hoc,
1232 3835 1277 3886 ut

228 3915 333 3998 illud,
355 3933 487 3982 auctore
508 3913 613 3979 latum
633 3929 683 3979 est
703 3914 946 3998 Demosthene,
981 3935 1017 3984 et
1036 3919 1129 3986 trihu
1151 3921 1277 3989 eadem

227 4017 454 4100 Pandionide,
477 4016 570 4110 qnod
590 4033 759 4109 praeterea
780 4022 818 4085 in
840 4019 904 4088 hoe
925 4018 1138 4104 decernitur,
1160 4043 1198 4092 nt
1219 4023 1276 4091 le-

228 4126 297 4220 gati
322 4122 396 4190 sine
425 4145 520 4190 moro
542 4121 661 4189 abeant
681 4145 739 4204 eo,
772 4123 851 4190 ὅπου
877 4124 919 4190 ἂν
945 4126 1024 4194 ὄντα
1044 4129 1275 4198 πυνθάνωνται
