2740 4774
740 285 806 354 tto

255 455 328 522 aliis
350 456 440 521 lieri.
480 455 638 548 Denique
666 403 820 554 opInioni
850 479 926 523 suae
948 411 1035 522 nihil
1057 455 1185 524 obstare
1207 459 1296 526 Boe-

253 560 373 625 ckhius
395 559 566 626 contendit
587 558 620 642 (l.
644 584 672 627 c.
696 586 730 651 p
754 565 829 651 27),
850 561 945 652 quod
967 560 1142 628 Aeschinis
1164 560 1293 644 libello,

202 659 205 666 ’
257 687 323 755 quo
338 657 595 756 Ctesiphontem¹
606 669 778 747 accusavit,
802 691 896 733 verus
912 684 961 732 est
974 689 1170 758 eponytnus,
1188 665 1298 733 Chae-

258 766 391 848 rondas,
414 769 583 860 praefixos.
629 768 707 836 Non
737 773 827 835 enim
857 769 955 836 illum
981 771 1018 835 in
1051 772 1130 837 actis
1163 788 1296 838 senatus

345 1075 405 1136 que
428 1055 559 1114 citissime
588 1053 757 1158 Philippum
785 1055 974 1116 adeundum
971 1079 1058 1130 ·;esse
1090 1057 1174 1140 quod
1202 1071 1298 1116 autern

345 1142 429 1200 etiam
458 1137 588 1200 additur.
620 1135 699 1202 ὅπου
726 1135 765 1202 ἂν
793 1137 869 1202 ὄντα
897 1139 953 1204 τὸν
989 1103 1144 1206 (Ilt‘lirtnov
1170 1138 1297 1204 πυνθά-

343 1247 471 1304 νωνται,
506 1229 535 1286 in
569 1249 616 1286 eo
628 1230 720 1288 minus
732 1219 867 1330 aliquem¹
898 1231 1074 1291 offensurum
1096 1252 1158 1291 esse
1181 1233 1296 1314 opinor,

344 1315 459 1374 etiamsi
473 1315 626 1396 Philippus
649 1330 708 1375 tum
730 1317 791 1397 ipsa
814 1319 841 1374 in
869 1319 992 1377 Boeotia
1013 1318 1193 1378 v.ersabatur
1238 1317 1296 1376 Iam

343 1423 413 1461 vero
434 1423 536 1483 pacem
556 1402 628 1461 lianc
648 1401 731 1462 brevi
752 1419 818 1484 post·
840 1405 949 1465 cladem
962 1405 1194 1472 Chaeronensem
1217 1427 1297 1464 com-

344 1491 466 1570 positam
495 1509 557 1548 esse
590 1511 654 1569 cap.
682 1489 711 1548 V
713 1489 726 1548 I
758 1489 917 1550 docuimus.
973 1491 1074 1573 ltaque
1105 1494 1129 1551 si
1162 1491 1200 1552 ad
1234 1513 1296 1550 eam

345 1576 494 1636 decretum
517 1575 589 1634 illud
609 1579 812 1637 Demosthenis
834 1579 990 1655 referatur,
1013 1578 1128 1638 decreta
1149 1601 1184 1639 ea
1205 1580 1301 1638 Athe-v

343 1666 388 1735 nis
414 1665 451 1722 sit
483 1659 515 1722 ἓν
549 1663 588 1744 τῇ
623 1657 732 1760 πρώτῃ
767 1661 925 1750 ἐκκλησίᾳ,
966 1667 996 1724 in
1030 1668 1122 1747 prima
1157 1667 1295 1726 concione

344 1752 490 1832 prytaniae
526 1752 659 1808 nimirum
694 1752 808 1828 tertiae,
853 1754 908 1814 hoc
946 1768 988 1813 est
1025 1752 1072 1811 die
1110 1769 1297 1834 praeterpro-

344 1853 409 1919 pter
442 1835 662 1896 Boedromionis
670 1837 809 1942 XXIII,
850 1855 878 1898 et
912 1839 1061 1899 decretum
1094 1839 1296 1900 Demosthenis

344 1923 383 1983 de
405 1921 535 1984 creandis
562 1925 642 2024 pacis
670 1913 735 1984 iure
762 1924 884 1985 iurando
913 1924 1120 1986 confirmandae
1148 1947 1232 1985 eausa
1252 1927 1297 1984 le·
1346 1919 1347 1928 ¹

345 2013 416 2092 gatis
437 2011 525 2068 latum
547 2011 582 2068 sit
604 2012 669 2091 ipso
699 2011 817 2072 fortasse
839 2013 1052 2073 Boedromione
1081 2029 1218 2090 exeunte,
1247 2028 1297 2072 aut
1330 2026 1333 2035 '

345 2101 460 2157 ineunte
483 2097 693 2179 Pyanepsioue.
739 2098 829 2175 Quod
856 2098 1012 2175 decretum,
1039 2101 1179 2159 similibus
1200 2099 1298 2160 verbis

345 2201 434 2266 atque
456 2184 529 2242 illud
550 2199 663 2243 senatus
685 2186 846 2244 consultum
870 2187 917 2246 Ol
937 2181 1045 2262 CVIII,
1069 2187 1297 2266 2Munycltioue
1346 2223 1347 2256 ;

344 2272 383 2331 llI
405 2270 443 2331 de
469 2270 635 2330 maturanda
666 2271 826 2354 legatorum
854 2273 1035 2354 profectione
1064 2275 1296 2332 aDemosthene
1346 2277 1347 2282 ’

345 2361 452 2432 latum,
487 2379 578 2440 quum
607 2359 694 2418 hoc
684 2383 714 2419 ιιι
736 2361 804 2419 actis
826 2361 886 2420 sire
908 2375 1037 2420 actorum
1058 2361 1257 2420 collectione
1249 2385 1298 2418 ιιι-

242 2505 245 2510 ,
342 2448 443 2506 venire
472 2468 530 2504 non
552 2461 651 2526 posset
679 2448 718 2521 is,
748 2469 764 2505 a
787 2469 848 2528 quo
878 2463 1061 2507 monumenta
1085 2435 1202 2530 publica
1230 2470 1297 2507 ora-

342 2535 414 2593 tioni
436 2533 473 2592 de
495 2553 602 2592 corona
622 2536 726 2592 inserta
748 2549 828 2610 sunt,
851 2526 975 2594 eundern
996 2535 1080 2594 buius
1101 2534 1166 2594 loco
1189 2534 1298 2594 substi-

345 2622 433 2679 tuisse
455 2619 646 2701 probabiliter
668 2619 784 2697 ditioris,
815 2623 1012 2702 superscripto
1034 2636 1127 2680 tamen
1150 2621 1187 2680 de
1211 2620 1297 2680 indu-

344 2709 411 2766 stria
433 2709 568 2766 archonte
590 2707 765 2788 Mnesiphilo
788 2723 817 2768 et
839 2707 1090 2775 Hecatombaeone
1109 2707 1208 2766 ultimo
1225 2731 1297 2789 pro-

343 2809 409 2874 pter
432 2793 613 2852 Callisthenis
635 2793 783 2853 decretum
804 2793 979 2875 Mnesiphilo
1007 2810 1035 2854 et
1057 2796 1298 2855 Maemacterione
1346 2833 1347 2838 κ

340 2879 421 2939 =XXI
442 2881 538 2956 latum,
572 2882 685 2962 quippe
708 2880 795 2961 quod,⁴
811 2881 920 2962 legatos
942 2902 995 2939 suo
1018 2881 1068 2940 illo
1091 2896 1204 2940 senatus
1226 2903 1298 2940 con-

345 2967 423 3026 sulto
446 2968 582 3026 excitatos
603 2982 662 3028 tres
684 2969 845 3026 mensesin
875 2969 976 3027 itinere
1001 2969 1211 3049 consumpsisse
1233 2969 1298 3027 De-

345 3055 506 3114 mosthenes
528 3053 619 3131 dicat,
648 3055 828 3114 Callisthenis
856 3069 951 3112 autem
972 3054 1121 3115 decretum
1142 3075 1213 3114 mox·
1229 3071 1296 3136 post

344 3142 459 3200 illorum
480 3142 606 3201 'Athenas
632 3142 758 3202 reditum
777 3163 837 3202 esse
856 3143 944 3202 latum
964 3141 1126 3202 contendat.
1151 3175 1191 3187 -—
1215 3141 1296 3201 Con·

344 3229 453 3290 iectura
484 3229 555 3288 haec
582 3249 650 3288 saue
678 3243 739 3303 est,
769 3228 823 3288 sed
853 3227 999 3310 adquam
1027 3229 1104 3288 hand
1126 3230 1231 3304 invitus
1252 3229 1297 3286 in·

345 3313 430 3373 cliuo.
474 3313 595 3396 Semper
622 3317 697 3374 cuim
726 3317 755 3377 in
788 3314 905 3374 duobus
937 3316 992 3374 illis
1025 3316 1215 3375 monumentis
1241 3316 1296 3374 hoc

345 3421 391 3458 me
414 3402 529 3462 omniuo
557 3402 742 3461 memorabile
764 3417 898 3502 torquet,
921 3401 1037 3484 quod'
1029 3417 1102 3462 mter
1124 3401 1200 3461 dies.
1208 3403 1297 3462 utris-

345 3507 408 3580 quc
436 3489 578 3569 praefixos
611 3490 734 3571 spatium
760 3490 788 3547 ei
821 3490 911 3547 simile
941 3505 999 3565 est,
1026 3511 1087 3589 quo
1116 3489 1296 3548 Callisthenis

320 3563 493 3636 ·tlecietum
520 3575 618 3634 latum
640 3596 702 3634 esse
732 3591 798 3656 post
833 3577 881 3634 letr
862 3591 992 3658 gatorum
1028 3578 1074 3633 in
1097 3575 1295 3638 Macedoniam

344 3665 452 3722 abitum
481 3677 577 3723 orator
608 3662 755 3722 contendit
785 3662 823 3721 de
853 3685 912 3721 cor
945 3686 976 3744 p
999 3665 1062 3722 235
1084 3678 1113 3721 et
1139 3665 1210 3742 237.
1254 3662 1294 3719 lta
1346 3683 1347 3688 ¹

322 3771 409 3809 sane
433 3751 525 3823 etiam,
549 3750 631 3830 qnod
654 3772 740 3832 supra
762 3751 805 3830 (p.
834 3745 907 3829 123)
930 3749 1162 3823 coniiciebamus,
1184 3764 1294 3808 etton-

251 3861 253 3866 ·
344 3839 410 3896 iecit
432 3837 603 3937 Spcpgelios
631 3858 754 3918 quoque
780 3837 809 3911 (l.
840 3839 886 3912 c),
916 3837 1031 3900 ultimos
1062 3837 1114 3895 ille
1140 3837 1294 3896 Hecatom-

344 3923 428 4001 baeo,
450 3925 502 4005 qui
525 3921 642 3983 decreto
672 3925 873 3983 Demosthenis
902 3924 1095 4004 praescriptus
1124 3939 1184 3997 est,
1214 3935 1298 3982 natus.

337 4029 407 4072 ,esse
429 4011 523 4092 possit
553 4032 587 4070 ex
609 4011 649 4092 τῇ
671 4002 780 4091 πρώτῃ
802 4007 1001 4096 ἓκκλησιίι,
992 4033 1021 4070 ιιι
1046 4033 1101 4092 qua
1123 4031 1180 4092 pan
1202 4030 1217 4066 a
1240 4028 1293 4088 po·

343 4098 414 4185 pulo
437 4097 552 4158 decreta
573 4097 683 4158 ibidem
704 4096 818 4158 dicitur.
