2694 4784
504 271 663 384 Asy-

26 497 28 524 ‚
77 446 265 544 compositis,
288 467 356 538 quo
376 446 477 512 etiam
492 445 636 537 Megaris
655 443 850 514 insidiatum
866 469 943 513 eum
961 445 1106 519 vidimus

25 564 27 656 ρ
76 579 119 619 nr.
132 576 201 642 sup.
246 547 489 617 Demosthenes
503 573 582 618 vero
594 548 680 616 Phil.
695 550 757 626 ΙΙΙ,
781 548 838 617 Ol.
857 550 991 635 clius,
1015 551 1106 648 lega·

75 661 157 724 tione
165 657 201 722 in
209 652 479 747 Peloponnesum
487 676 574 721 anno
585 654 765 746 praeterito
774 655 884 736 missa,
894 657 1107 748 prohibitum
1127 666 1130 672 '

75 760 261 851 Philippum
282 755 395 839 refert,
418 758 599 850 quominus
620 759 658 824 in
680 756 947 850 Peloponnesum
968 778 1002 829 et
1017 761 1106 830 'Am-

73 864 211 930 braciam
251 859 436 929 invaderes
486 863 670 953 Aptissime
703 863 808 954 igitur
839 864 952 932 omnia
983 887 1106 933 conve·

72 971 177 1050 aiunt,
204 965 444 1060 evidenterque
480 965 720 1034 demonstrasse
753 966 835 1034 mihi
856 966 988 1049 videor,
1015 967 1106 1062 lega·

20 1153 21 1162 ρ
72 1074 190 1140 donem
211 1095 303 1152 eam,
334 1093 435 1163 qaam
456 1070 700 1138 Demosthenes
733 1071 771 1137 in
798 1092 846 1139 or.
868 1071 957 1140 Phil.
981 1074 1045 1156 Ill,
1066 1099 1102 1169 p.

76 1199 129 1266 ¹²9
147 1191 320 1256 memorat,
344 1173 388 1240 ad
401 1197 526 1252 aunum
544 1170 683 1269 Olymp.
699 1173 776 1241 clx
798 1175 984 1243 seeundum
994 1200 1104 1272 prope
1177 1263 1181 1269 Ι

18 1307 19 1374 ρ
70 1278 212 1348 medium
232 1277 455 1360 reserandam,
476 1274 646 1370 longeque
666 1277 809 1346 alienam
830 1279 873 1346 ab
895 1303 934 1348 ea
956 1303 1037 1365 esse,
1058 1281 1105 1350 de

18 1383 19 1414 ¹
71 1409 129 1477 qna
155 1408 204 1452 or.
236 1381 324 1450 Phil.
347 1383 383 1450 11
408 1408 446 1477 p·
473 1403 515 1473 70
537 1382 638 1449 verba
663 1381 754 1454 facit
800 1381 901 1469 Quod
930 1409 1037 1478 quum
1058 1409 1102 1454 ex

68 1507 172 1556 nostra
206 1489 274 1556 iam
307 1489 593 1580 argumentatione
617 1485 777 1554 hactenus
806 1489 952 1582 exposita
978 1489 1104 1560 affatim

69 1592 178 1676 elucet,
200 1610 274 1661 tum
295 1608 397 1660 exstat
411 1579 517 1658 'etiain
537 1587 631 1659 locus
653 1613 706 1682 ap.
729 1591 827 1658 Dem.
850 1613 899 1659 or.
921 1593 959 1660 in
981 1592 1103 1688 Olym.

66 1697 205 1789 pindos,
234 1699 295 1790 qui
323 1696 525 1764 sententiam
554 1709 703 1761 nostram
732 1695 886 1788 apprime
914 1697 1102 1768 confirmat.

67 1802 101 1866 ln
121 1826 158 1870 ea
180 1803 272 1868 enim
293 1817 421 1870 orator:
450 1801 501 1866 καὶ
523 1796 604 1866 κατὰ
624 1795 723 1884 τῦχην
742 1797 828 1882 τινὰ,
860 1801 925 1882 ait,
955 1804 1007 1870 sol
1029 1803 1102 1870 ‹tat-

65 1933 139 1990 μονα
158 1904 248 1993 ὑμεῖς
275 1906 444 1991 ἐπείσθητε
466 1899 527 1969 ὑπὸ
563 1906 627 1971 τῶν
660 1901 803 1992 ῥητόρων
831 1905 875 1982 εἰς
897 1903 1101 1994 Ἀκαρνανίαν
1168 1971 1172 1980 .

66 2011 252 2097 στρατιώτας
272 2009 451 2094 ἐκπέμπειν,
473 2009 525 2075 καὶ
547 2007 608 2075 i‘dea
628 2009 680 2074 acl
701 2009 825 2075 τουτονὶ
842 2008 1101 2100 Ὀλυμπιόδωρον

65 2116 293 2202 στρατεύεσθαι,
322 2116 375 2181 καὶ
397 2112 494 2205 ᾤχετο
520 2111 602 2198 μετὰ
629 2117 694 2180 τῶν
715 2111 819 2181 ἄλλων
846 2113 1099 2203 στρατευόμενος.

65 2217 210 2310 p·1174·
260 2215 317 2301 Id,
349 2233 388 2284 ut
421 2241 457 2284 ex
488 2216 599 2284 verbis
631 2216 791 2286 continuo
817 2219 1035 2312 sequentibus
1056 2218 1101 2288 li·
1199 2203 1207 2213 ⁸

66 2341 146 2412 quet,
168 2324 295 2416 factum
317 2339 367 2390 est
394 2319 552 2389 archonte
583 2319 788 2413 Pythodoto,
817 2324 878 2414 qui
901 2341 1100 2419 estfepony·
1162 2377 1164 2381 ⁴

65 2450 130 2494 mus
153 2427 294 2521 Olymp.
318 2425 411 2508 CIX,
434 2448 465 2493 a.
508 2422 564 2491 Ad
587 2449 689 2516 quem
704 2442 816 2494 autem
826 2425 931 2492 linem
952 2449 991 2497 eo
1014 2445 1100 2496 tem-

64 2552 138 2620 pore
159 2532 380 2601 Athenienses
401 2529 439 2596 iu
460 2529 685 2596 Acarnaniam
710 2529 822 2620 copias
843 2530 1012 2613 miserint,
1034 2527 1101 2600 nisi

65 2651 97 2700 ut
115 2637 277 2705 infestatis
299 2653 371 2703 tum
393 2633 584 2727 aPhilippo
606 2632 799 2726 regionibus
820 2631 889 2699 illis
910 2655 1012 2727 opem
1032 2634 1101 2704 fer·

63 2741 153 2807 renti
203 2738 321 2808 Paullo
352 2755 428 2807 ante
461 2740 554 2805 enim
587 2737 847 2806 Atheniensium
878 2737 1027 2806 subsidia
1053 2738 1100 2808 *iu
1201 2804 1205 2813 s

63 2841 264 2914 Thessaliam
294 2845 396 2912 etiam
415 2844 577 2924 exierant,
610 2858 745 2910 auctore
771 2843 809 2912 iu
831 2842 951 2934 primis
973 2844 1100 2912 Demo·

64 2946 182 3031 sthene,
207 2973 309 3042 quem
330 2948 395 3016 hoc
416 2945 503 3016 facto
524 2970 645 3040 pacem
665 2945 1008 3015 violasse'Aesohines
1030 2947 1098 3016 eri·

62 3051 201 3122 minatur
234 3077 283 3120 or.
309 3053 348 3120 in
377 3051 464 3120 Ctes.
486 3077 521 3144 p.
543 3052 597 3128 65.
625 3073 671 3118 m.
716 3049 818 3118 Unde
846 3049 1024 3118 verisimile
1045 3067 1097 3124 est

62 3157 167 3246 copias
194 3156 275 3224 illes
304 3157 419 3223 missas
447 3156 484 3221 in
511 3155 735 3238 Acarnaniam
761 3177 835 3224 esse
860 3152 975 3249 paullo
1005 3171 1095 3240 ante,

61 3276 110 3324 ant
128 3264 239 3354 potius
260 3275 337 3355 post
358 3259 559 3353 legationem
581 3251 841 3328 aDemosthene
862 3260 988 3330 obitam
1008 3281 1096 3343 eam,

61 3383 122 3450 qua
141 3367 178 3432 in
201 3390 250 3437 or.
272 3363 345 3435 adv.
368 3362 517 3458 Philipp.
548 3364 597 3430 lll
625 3363 665 3430 id
686 3363 831 3434 effecisse
853 3389 888 3431 se
909 3365 1027 3447 iactat,
1055 3381 1095 3432 ut

61 3461 230 3562 Philippus
259 3493 361 3563 ([ααατ
390 3465 592 3537 moliebatur
619 3468 687 3538 iam
709 3469 746 3536 in
768 3469 1039 3563 Peloponnesum
1059 3485 1095 3538 et

60 3567 265 3642 Ambraciam
286 3575 513 3642 incursionem
533 3573 759 3640 intermiserit.

141 3678 257 3773 Itaque
272 3671 398 3760 omn'es,
422 3701 502 3770 quas
516 3678 690 3770 hucusque
704 3677 884 3770 tetigimus,
899 3692 1096 3770 temporum·

60 3779 197 3850 rationes
219 3786 266 3852 ita
287 3783 489 3875 conspirant,
512 3799 551 3848 ut
571 3781 773 3874 legationem
794 3781 882 3847 hane
895 3780 1095 3848 Demosthe-

59 3880 107 3945 nis
129 3886 445 3982 Peloponnesiacam
466 3885 606 3954 alteram
626 3887 663 3952 in
686 3885 824 3982 Olym'p.
849 3885 946 3968 CIX,
969 3908 989 3952 a
1012 3908 1094 3953 con-

60 3977 223 4058 ferendam
246 3989 315 4060 es'se
328 4009 517 4059 constanter
530 3986 680 4072 doceant,
703 3988 794 4056 idem
806 3986 959 4058 videlicet
979 3991 1094 4084 ipsum

62 4096 196 4182 tenapus,
219 4097 376 4188 quoiam
396 4094 576 4189 plerosque
598 4095 636 4162 in
657 4093 882 4188 Peloponnesi
904 4093 1093 4166 civitatibus
