<?xml version="1.0" encoding="UTF-8"?>
<!DOCTYPE html PUBLIC "-//W3C//DTD XHTML 1.0 Transitional//EN"
    "http://www.w3.org/TR/xhtml1/DTD/xhtml1-transitional.dtd">
<html xmlns="http://www.w3.org/1999/xhtml" xml:lang="en" lang="en">
 <head>
  <title>
</title>
<meta http-equiv="Content-Type" content="text/html;charset=utf-8" />
  <meta name='ocr-system' content='tesseract 3.04.00' />
  <meta name='ocr-capabilities' content='ocr_page ocr_carea ocr_par ocr_line ocrx_word'/>
</head>
<body>
  <div class='ocr_page' id='page_1' title='image "./francisciwiniew00winigoog_0256.png"; bbox 0 0 2750 4772; ppageno 0'>
   <div class='ocr_carea' id='block_1_1' title="bbox 519 253 675 358">
    <p class='ocr_par' dir='ltr' id='par_1_1' title="bbox 519 253 675 358">
     <span class='ocr_line' id='line_1_1' title="bbox 519 253 675 358; baseline 0.006 -1"><span class='ocrx_word' id='word_1_1' title='bbox 519 253 675 358; x_wconf 70' lang='lat' dir='ltr'>...aa</span> 
     </span>
    </p>
   </div>
   <div class='ocr_carea' id='block_1_2' title="bbox 66 415 1164 3005">
    <p class='ocr_par' dir='ltr' id='par_1_2' title="bbox 66 415 1164 3005">
     <span class='ocr_line' id='line_1_2' title="bbox 73 415 1116 517; baseline 0.006 -29"><span class='ocrx_word' id='word_1_2' title='bbox 73 419 130 488; x_wconf 87' lang='lat' dir='ltr'>nis</span> <span class='ocrx_word' id='word_1_3' title='bbox 150 417 213 486; x_wconf 89' lang='lat' dir='ltr'>die</span> <span class='ocrx_word' id='word_1_4' title='bbox 235 416 334 488; x_wconf 78' lang='lat' dir='ltr'>XXV</span> <span class='ocrx_word' id='word_1_5' title='bbox 354 415 441 499; x_wconf 85' lang='lat' dir='ltr'>lato,</span> <span class='ocrx_word' id='word_1_6' title='bbox 472 418 565 512; x_wconf 86' lang='lat' dir='ltr'>qnod</span> <span class='ocrx_word' id='word_1_7' title='bbox 591 421 703 488; x_wconf 85' lang='lat' dir='ltr'>estin</span> <span class='ocrx_word' id='word_1_8' title='bbox 731 442 781 490; x_wconf 92' lang='lat' dir='ltr'>or.</span> <span class='ocrx_word' id='word_1_9' title='bbox 810 417 854 490; x_wconf 85' lang='lat' dir='ltr'>de</span> <span class='ocrx_word' id='word_1_10' title='bbox 881 443 950 490; x_wconf 88' lang='lat' dir='ltr'>cor.</span> <span class='ocrx_word' id='word_1_11' title='bbox 981 425 1116 517; x_wconf 69' lang='lat' dir='ltr'>poda,</span> 
     </span>
     <span class='ocr_line' id='line_1_3' title="bbox 72 519 1119 624; baseline 0.009 -32.185"><span class='ocrx_word' id='word_1_12' title='bbox 72 522 117 592; x_wconf 86' lang='lat' dir='ltr'>ad</span> <span class='ocrx_word' id='word_1_13' title='bbox 139 547 221 590; x_wconf 92' lang='lat' dir='ltr'>eum</span> <span class='ocrx_word' id='word_1_14' title='bbox 242 523 375 608; x_wconf 91' lang='lat' dir='ltr'>missos3</span> <span class='ocrx_word' id='word_1_15' title='bbox 396 519 578 624; x_wconf 85' lang='lat' dir='ltr'>declarant,</span> <span class='ocrx_word' id='word_1_16' title='bbox 599 523 775 594; x_wconf 81' lang='lat' dir='ltr'>manifesto</span> <span class='ocrx_word' id='word_1_17' title='bbox 806 549 884 592; x_wconf 88' lang='lat' dir='ltr'>eum</span> <span class='ocrx_word' id='word_1_18' title='bbox 911 525 951 594; x_wconf 89' lang='lat' dir='ltr'>in</span> <span class='ocrx_word' id='word_1_19' title='bbox 970 528 1119 602; x_wconf 77' lang='lat' dir='ltr'>Atticam</span> 
     </span>
     <span class='ocr_line' id='line_1_4' title="bbox 71 623 1116 725; baseline 0.007 -29"><span class='ocrx_word' id='word_1_20' title='bbox 71 627 235 696; x_wconf 85' lang='lat' dir='ltr'>invadere</span> <span class='ocrx_word' id='word_1_21' title='bbox 256 623 356 708; x_wconf 86' lang='lat' dir='ltr'>velle,</span> <span class='ocrx_word' id='word_1_22' title='bbox 376 651 507 718; x_wconf 86' lang='lat' dir='ltr'>pacem</span> <span class='ocrx_word' id='word_1_23' title='bbox 538 629 755 720; x_wconf 85' lang='lat' dir='ltr'>compositam</span> <span class='ocrx_word' id='word_1_24' title='bbox 784 630 822 696; x_wconf 92' lang='lat' dir='ltr'>in</span> <span class='ocrx_word' id='word_1_25' title='bbox 852 633 1050 725; x_wconf 77' lang='lat' dir='ltr'><strong>memoriam</strong></span> <span class='ocrx_word' id='word_1_26' title='bbox 1082 636 1116 702; x_wconf 89' lang='lat' dir='ltr'>ei</span> 
     </span>
     <span class='ocr_line' id='line_1_5' title="bbox 71 732 1116 824; baseline 0.006 -26"><span class='ocrx_word' id='word_1_27' title='bbox 71 746 247 811; x_wconf 88' lang='lat' dir='ltr'>revocant,</span> <span class='ocrx_word' id='word_1_28' title='bbox 269 753 409 822; x_wconf 90' lang='lat' dir='ltr'>eamque</span> <span class='ocrx_word' id='word_1_29' title='bbox 430 749 467 798; x_wconf 92' lang='lat' dir='ltr'>ut</span> <span class='ocrx_word' id='word_1_30' title='bbox 488 732 662 798; x_wconf 87' lang='lat' dir='ltr'>observare</span> <span class='ocrx_word' id='word_1_31' title='bbox 690 733 790 816; x_wconf 84' lang='lat' dir='ltr'>velit,</span> <span class='ocrx_word' id='word_1_32' title='bbox 819 751 953 824; x_wconf 81' lang='lat' dir='ltr'>rogant,</span> <span class='ocrx_word' id='word_1_33' title='bbox 977 735 1029 802; x_wconf 88' lang='lat' dir='ltr'>sin</span> <span class='ocrx_word' id='word_1_34' title='bbox 1050 739 1116 804; x_wconf 86' lang='lat' dir='ltr'>mi·</span> 
     </span>
     <span class='ocr_line' id='line_1_6' title="bbox 66 832 1151 928; baseline 0.01 -32"><span class='ocrx_word' id='word_1_35' title='bbox 66 859 150 917; x_wconf 83' lang='lat' dir='ltr'>nus,</span> <span class='ocrx_word' id='word_1_36' title='bbox 172 851 214 902; x_wconf 90' lang='lat' dir='ltr'>ut</span> <span class='ocrx_word' id='word_1_37' title='bbox 235 832 279 901; x_wconf 90' lang='lat' dir='ltr'>ad</span> <span class='ocrx_word' id='word_1_38' title='bbox 300 832 555 902; x_wconf 88' lang='lat' dir='ltr'>deliberandum</span> <span class='ocrx_word' id='word_1_39' title='bbox 578 835 703 902; x_wconf 88' lang='lat' dir='ltr'>civitati</span> <span class='ocrx_word' id='word_1_40' title='bbox 726 836 870 928; x_wconf 89' lang='lat' dir='ltr'>spatium</span> <span class='ocrx_word' id='word_1_41' title='bbox 892 834 949 912; x_wconf 83' lang='lat' dir='ltr'>det</span> <span class='ocrx_word' id='word_1_42' title='bbox 967 836 1009 912; x_wconf 85' lang='lat' dir='ltr'>ad</span> <span class='ocrx_word' id='word_1_43' title='bbox 1020 862 1116 907; x_wconf 84' lang='lat' dir='ltr'>men·</span> <span class='ocrx_word' id='word_1_44' title='bbox 1145 835 1151 846; x_wconf 79' lang='grc'><strong>”</strong></span> 
     </span>
     <span class='ocr_line' id='line_1_7' title="bbox 74 937 1115 1033; baseline 0.006 -27"><span class='ocrx_word' id='word_1_45' title='bbox 74 962 146 1006; x_wconf 89' lang='lat' dir='ltr'>sem</span> <span class='ocrx_word' id='word_1_46' title='bbox 166 961 275 1029; x_wconf 88' lang='lat' dir='ltr'>usque</span> <span class='ocrx_word' id='word_1_47' title='bbox 296 937 566 1030; x_wconf 87' lang='lat' dir='ltr'>Thargelionem.</span> <span class='ocrx_word' id='word_1_48' title='bbox 610 938 666 1005; x_wconf 81' lang='lat' dir='ltr'>Ad</span> <span class='ocrx_word' id='word_1_49' title='bbox 687 939 770 1006; x_wconf 86' lang='lat' dir='ltr'>haec</span> <span class='ocrx_word' id='word_1_50' title='bbox 801 937 884 1032; x_wconf 88' lang='lat' dir='ltr'>quid</span> <span class='ocrx_word' id='word_1_51' title='bbox 905 942 1115 1033; x_wconf 75' lang='lat' dir='ltr'>responderit</span> 
     </span>
     <span class='ocr_line' id='line_1_8' title="bbox 70 1040 1112 1134; baseline 0.008 -26"><span class='ocrx_word' id='word_1_52' title='bbox 70 1041 275 1134; x_wconf 74' lang='lat' dir='ltr'>Philippus,</span> <span class='ocrx_word' id='word_1_53' title='bbox 305 1065 374 1109; x_wconf 89' lang='lat' dir='ltr'>non</span> <span class='ocrx_word' id='word_1_54' title='bbox 405 1061 542 1112; x_wconf 84' lang='lat' dir='ltr'>constat</span> <span class='ocrx_word' id='word_1_55' title='bbox 598 1040 668 1109; x_wconf 86' lang='lat' dir='ltr'>Sed</span> <span class='ocrx_word' id='word_1_56' title='bbox 697 1041 910 1112; x_wconf 81' lang='lat' dir='ltr'>intervallum</span> <span class='ocrx_word' id='word_1_57' title='bbox 938 1048 1112 1120; x_wconf 79' lang='lat' dir='ltr'>mmitesto</span> 
     </span>
     <span class='ocr_line' id='line_1_9' title="bbox 70 1144 1113 1243; baseline 0.008 -31"><span class='ocrx_word' id='word_1_58' title='bbox 70 1145 162 1229; x_wconf 78' lang='lat' dir='ltr'>fecit,</span> <span class='ocrx_word' id='word_1_59' title='bbox 185 1170 251 1239; x_wconf 89' lang='lat' dir='ltr'>per</span> <span class='ocrx_word' id='word_1_60' title='bbox 273 1144 366 1238; x_wconf 84' lang='lat' dir='ltr'>quod</span> <span class='ocrx_word' id='word_1_61' title='bbox 392 1163 432 1212; x_wconf 90' lang='lat' dir='ltr'>ut</span> <span class='ocrx_word' id='word_1_62' title='bbox 451 1147 628 1215; x_wconf 82' lang='lat' dir='ltr'>Thebanos</span> <span class='ocrx_word' id='word_1_63' title='bbox 656 1147 722 1214; x_wconf 90' lang='lat' dir='ltr'>sibi</span> <span class='ocrx_word' id='word_1_64' title='bbox 745 1146 953 1230; x_wconf 78' lang='lat' dir='ltr'><strong>conciliaret,</strong></span> <span class='ocrx_word' id='word_1_65' title='bbox 976 1173 1113 1243; x_wconf 85' lang='lat' dir='ltr'>operam</span> 
     </span>
     <span class='ocr_line' id='line_1_10' title="bbox 71 1247 1112 1344; baseline 0.008 -28"><span class='ocrx_word' id='word_1_66' title='bbox 71 1247 223 1332; x_wconf 85' lang='lat' dir='ltr'>dedisse,</span> <span class='ocrx_word' id='word_1_67' title='bbox 253 1266 286 1316; x_wconf 90' lang='lat' dir='ltr'>et</span> <span class='ocrx_word' id='word_1_68' title='bbox 315 1250 456 1321; x_wconf 89' lang='lat' dir='ltr'>maiores</span> <span class='ocrx_word' id='word_1_69' title='bbox 484 1252 596 1344; x_wconf 88' lang='lat' dir='ltr'>copias</span> <span class='ocrx_word' id='word_1_70' title='bbox 633 1274 847 1344; x_wconf 69' lang='lat' dir='ltr'>congregasse</span> <span class='ocrx_word' id='word_1_71' title='bbox 877 1250 1019 1320; x_wconf 89' lang='lat' dir='ltr'>videtur</span> <span class='ocrx_word' id='word_1_72' title='bbox 1069 1255 1112 1324; x_wconf 85' lang='lat' dir='ltr'><strong>V</strong></span> 
     </span>
     <span class='ocr_line' id='line_1_11' title="bbox 69 1352 1113 1477; baseline 0.005 -54"><span class='ocrx_word' id='word_1_73' title='bbox 69 1354 208 1432; x_wconf 85' lang='lat' dir='ltr'>Decrct.</span> <span class='ocrx_word' id='word_1_74' title='bbox 242 1352 365 1420; x_wconf 81' lang='lat' dir='ltr'><strong>Athen.</strong></span> <span class='ocrx_word' id='word_1_75' title='bbox 394 1353 436 1420; x_wconf 91' lang='lat' dir='ltr'>de</span> <span class='ocrx_word' id='word_1_76' title='bbox 469 1354 616 1423; x_wconf 87' lang='lat' dir='ltr'>induciis</span> <span class='ocrx_word' id='word_1_77' title='bbox 638 1357 688 1436; x_wconf 89' lang='grc' dir='ltr'>ΙΙ,</span> <span class='ocrx_word' id='word_1_78' title='bbox 710 1354 785 1422; x_wconf 88' lang='lat' dir='ltr'>le.</span> <span class='ocrx_word' id='word_1_79' title='bbox 808 1380 843 1477; x_wconf 98' lang='grc' dir='ltr'>Ρ.</span> <span class='ocrx_word' id='word_1_80' title='bbox 864 1357 940 1424; x_wconf 75' lang='lat' dir='ltr'>aba.</span> <span class='ocrx_word' id='word_1_81' title='bbox 983 1358 1113 1428; x_wconf 82' lang='lat' dir='ltr'>Eodem</span> 
     </span>
     <span class='ocr_line' id='line_1_12' title="bbox 69 1447 1113 1554; baseline 0.004 -28"><span class='ocrx_word' id='word_1_82' title='bbox 69 1461 237 1526; x_wconf 87' lang='lat' dir='ltr'>nimirum</span> <span class='ocrx_word' id='word_1_83' title='bbox 262 1458 419 1551; x_wconf 86' lang='lat' dir='ltr'>temporis</span> <span class='ocrx_word' id='word_1_84' title='bbox 441 1458 616 1529; x_wconf 80' lang='lat' dir='ltr'>intervallo</span> <span class='ocrx_word' id='word_1_85' title='bbox 642 1459 836 1528; x_wconf 86' lang='lat' dir='ltr'>Thebani</span> <span class='ocrx_word' id='word_1_86' title='bbox 826 1447 1031 1536; x_wconf 76' lang='lat' dir='ltr'>imminentis</span> <span class='ocrx_word' id='word_1_87' title='bbox 1051 1487 1113 1554; x_wconf 83' lang='lat' dir='ltr'>pe·</span> 
     </span>
     <span class='ocr_line' id='line_1_13' title="bbox 68 1559 1113 1655; baseline 0.004 -27"><span class='ocrx_word' id='word_1_88' title='bbox 68 1563 173 1628; x_wconf 76' lang='lat' dir='ltr'>siculi</span> <span class='ocrx_word' id='word_1_89' title='bbox 196 1579 289 1642; x_wconf 77' lang='lat' dir='ltr'>metu</span> <span class='ocrx_word' id='word_1_90' title='bbox 311 1559 486 1655; x_wconf 87' lang='lat' dir='ltr'>epistolam</span> <span class='ocrx_word' id='word_1_91' title='bbox 508 1560 551 1629; x_wconf 85' lang='lat' dir='ltr'>ad</span> <span class='ocrx_word' id='word_1_92' title='bbox 575 1585 652 1630; x_wconf 91' lang='lat' dir='ltr'>eum</span> <span class='ocrx_word' id='word_1_93' title='bbox 673 1565 837 1632; x_wconf 90' lang='lat' dir='ltr'>miserunt</span> <span class='ocrx_word' id='word_1_94' title='bbox 857 1564 950 1654; x_wconf 91' lang='lat' dir='ltr'>pacis</span> <span class='ocrx_word' id='word_1_95' title='bbox 973 1585 1113 1636; x_wconf 70' lang='lat' dir='ltr'>coneor-¹</span> 
     </span>
     <span class='ocr_line' id='line_1_14' title="bbox 69 1663 1113 1760; baseline 0.003 -28"><span class='ocrx_word' id='word_1_96' title='bbox 69 1665 217 1756; x_wconf 89' lang='lat' dir='ltr'>diaeque</span> <span class='ocrx_word' id='word_1_97' title='bbox 239 1663 445 1733; x_wconf 87' lang='lat' dir='ltr'>renovandae</span> <span class='ocrx_word' id='word_1_98' title='bbox 467 1667 581 1758; x_wconf 88' lang='lat' dir='ltr'>gratia,</span> <span class='ocrx_word' id='word_1_99' title='bbox 603 1684 723 1759; x_wconf 86' lang='lat' dir='ltr'>utque</span> <span class='ocrx_word' id='word_1_100' title='bbox 736 1666 778 1733; x_wconf 91' lang='lat' dir='ltr'>de</span> <span class='ocrx_word' id='word_1_101' title='bbox 805 1671 973 1760; x_wconf 79' lang='lat' dir='ltr'>praesenti</span> <span class='ocrx_word' id='word_1_102' title='bbox 999 1693 1113 1736; x_wconf 88' lang='lat' dir='ltr'>rerum</span> 
     </span>
     <span class='ocr_line' id='line_1_15' title="bbox 70 1767 1113 1864; baseline 0.003 -28"><span class='ocrx_word' id='word_1_103' title='bbox 70 1787 157 1836; x_wconf 88' lang='lat' dir='ltr'>statu</span> <span class='ocrx_word' id='word_1_104' title='bbox 179 1767 302 1837; x_wconf 91' lang='lat' dir='ltr'>melius</span> <span class='ocrx_word' id='word_1_105' title='bbox 329 1787 465 1863; x_wconf 86' lang='lat' dir='ltr'>possent</span> <span class='ocrx_word' id='word_1_106' title='bbox 492 1769 687 1838; x_wconf 82' lang='lat' dir='ltr'>deliberare.</span> <span class='ocrx_word' id='word_1_107' title='bbox 731 1771 773 1838; x_wconf 90' lang='lat' dir='ltr'>V.</span> <span class='ocrx_word' id='word_1_108' title='bbox 804 1795 1003 1864; x_wconf 89' lang='lat' dir='ltr'>responsum</span> <span class='ocrx_word' id='word_1_109' title='bbox 1032 1773 1113 1855; x_wconf 90' lang='lat' dir='ltr'>Phi</span> 
     </span>
     <span class='ocr_line' id='line_1_16' title="bbox 68 1872 1113 1968; baseline 0.006 -30"><span class='ocrx_word' id='word_1_110' title='bbox 68 1872 158 1968; x_wconf 90' lang='lat' dir='ltr'>lippi</span> <span class='ocrx_word' id='word_1_111' title='bbox 181 1872 225 1939; x_wconf 88' lang='lat' dir='ltr'>ad</span> <span class='ocrx_word' id='word_1_112' title='bbox 247 1874 352 1940; x_wconf 85' lang='lat' dir='ltr'>Theb.</span> <span class='ocrx_word' id='word_1_113' title='bbox 376 1873 399 1940; x_wconf 97' lang='lat' dir='ltr'>l.</span> <span class='ocrx_word' id='word_1_114' title='bbox 423 1898 450 1942; x_wconf 92' lang='lat' dir='ltr'>c.</span> <span class='ocrx_word' id='word_1_115' title='bbox 477 1899 512 1967; x_wconf 91' lang='grc' dir='ltr'>Ρ.</span> <span class='ocrx_word' id='word_1_116' title='bbox 541 1876 604 1944; x_wconf 81' lang='grc' dir='ltr'>ι83</span> <span class='ocrx_word' id='word_1_117' title='bbox 635 1899 685 1967; x_wconf 87' lang='lat' dir='ltr'>sq</span> <span class='ocrx_word' id='word_1_118' title='bbox 730 1875 772 1941; x_wconf 91' lang='lat' dir='ltr'>In</span> <span class='ocrx_word' id='word_1_119' title='bbox 800 1898 868 1966; x_wconf 90' lang='lat' dir='ltr'>qua</span> <span class='ocrx_word' id='word_1_120' title='bbox 894 1897 1010 1944; x_wconf 89' lang='lat' dir='ltr'>rerum</span> <span class='ocrx_word' id='word_1_121' title='bbox 1032 1900 1113 1944; x_wconf 86' lang='lat' dir='ltr'>con-</span> 
     </span>
     <span class='ocr_line' id='line_1_17' title="bbox 69 1977 1111 2074; baseline 0.005 -30"><span class='ocrx_word' id='word_1_122' title='bbox 69 1978 212 2046; x_wconf 77' lang='lat' dir='ltr'>ditione.</span> <span class='ocrx_word' id='word_1_123' title='bbox 248 1977 482 2061; x_wconf 78' lang='lat' dir='ltr'>Athenienses,</span> <span class='ocrx_word' id='word_1_124' title='bbox 523 1980 704 2070; x_wconf 87' lang='lat' dir='ltr'>praeterito</span> <span class='ocrx_word' id='word_1_125' title='bbox 743 1977 956 2048; x_wconf 81' lang='lat' dir='ltr'>induciarum</span> <span class='ocrx_word' id='word_1_126' title='bbox 994 1982 1111 2074; x_wconf 85' lang='lat' dir='ltr'>spatio,</span> 
     </span>
     <span class='ocr_line' id='line_1_18' title="bbox 71 2079 1111 2176; baseline 0.001 -25"><span class='ocrx_word' id='word_1_127' title='bbox 71 2080 314 2174; x_wconf 85' lang='lat' dir='ltr'>Munychionis</span> <span class='ocrx_word' id='word_1_128' title='bbox 337 2079 391 2148; x_wconf 87' lang='lat' dir='ltr'>die</span> <span class='ocrx_word' id='word_1_129' title='bbox 412 2081 529 2150; x_wconf 89' lang='lat' dir='ltr'>ultimo</span> <span class='ocrx_word' id='word_1_130' title='bbox 551 2107 654 2152; x_wconf 87' lang='lat' dir='ltr'>novos</span> <span class='ocrx_word' id='word_1_131' title='bbox 685 2082 729 2150; x_wconf 87' lang='lat' dir='ltr'>ad</span> <span class='ocrx_word' id='word_1_132' title='bbox 757 2082 957 2176; x_wconf 87' lang='lat' dir='ltr'>Philippum</span> <span class='ocrx_word' id='word_1_133' title='bbox 985 2083 1111 2176; x_wconf 83' lang='lat' dir='ltr'>legatos</span> 
     </span>
     <span class='ocr_line' id='line_1_19' title="bbox 73 2187 1112 2280; baseline 0.006 -28"><span class='ocrx_word' id='word_1_134' title='bbox 73 2209 151 2252; x_wconf 89' lang='lat' dir='ltr'>cum</span> <span class='ocrx_word' id='word_1_135' title='bbox 172 2208 339 2278; x_wconf 78' lang='lat' dir='ltr'>praecone</span> <span class='ocrx_word' id='word_1_136' title='bbox 360 2187 511 2269; x_wconf 88' lang='lat' dir='ltr'>mittunt,</span> <span class='ocrx_word' id='word_1_137' title='bbox 537 2205 725 2280; x_wconf 82' lang='lat' dir='ltr'>rogaturos,</span> <span class='ocrx_word' id='word_1_138' title='bbox 748 2205 786 2254; x_wconf 87' lang='lat' dir='ltr'>nt</span> <span class='ocrx_word' id='word_1_139' title='bbox 807 2211 911 2280; x_wconf 87' lang='lat' dir='ltr'>quum</span> <span class='ocrx_word' id='word_1_140' title='bbox 933 2188 1112 2258; x_wconf 79' lang='lat' dir='ltr'>Thebanos</span> 
     </span>
     <span class='ocr_line' id='line_1_20' title="bbox 72 2288 1113 2378; baseline 0.001 -23"><span class='ocrx_word' id='word_1_141' title='bbox 72 2288 263 2356; x_wconf 86' lang='lat' dir='ltr'>abalienare</span> <span class='ocrx_word' id='word_1_142' title='bbox 286 2313 304 2354; x_wconf 85' lang='lat' dir='ltr'>a</span> <span class='ocrx_word' id='word_1_143' title='bbox 327 2309 397 2356; x_wconf 89' lang='lat' dir='ltr'>sese</span> <span class='ocrx_word' id='word_1_144' title='bbox 419 2308 453 2359; x_wconf 92' lang='lat' dir='ltr'>et</span> <span class='ocrx_word' id='word_1_145' title='bbox 478 2313 557 2358; x_wconf 90' lang='lat' dir='ltr'>eum</span> <span class='ocrx_word' id='word_1_146' title='bbox 585 2293 677 2360; x_wconf 86' lang='lat' dir='ltr'>omni</span> <span class='ocrx_word' id='word_1_147' title='bbox 707 2291 850 2358; x_wconf 84' lang='lat' dir='ltr'>exercitu</span> <span class='ocrx_word' id='word_1_148' title='bbox 882 2289 1039 2378; x_wconf 78' lang='lat' dir='ltr'>accedere</span> <span class='ocrx_word' id='word_1_149' title='bbox 1069 2288 1113 2356; x_wconf 85' lang='lat' dir='ltr'>ad</span> 
     </span>
     <span class='ocr_line' id='line_1_21' title="bbox 72 2391 1164 2485; baseline 0 -24"><span class='ocrx_word' id='word_1_150' title='bbox 72 2394 163 2462; x_wconf 92' lang='lat' dir='ltr'>locos</span> <span class='ocrx_word' id='word_1_151' title='bbox 197 2393 329 2460; x_wconf 90' lang='lat' dir='ltr'>Atticae</span> <span class='ocrx_word' id='word_1_152' title='bbox 359 2396 529 2485; x_wconf 84' lang='lat' dir='ltr'>proximos</span> <span class='ocrx_word' id='word_1_153' title='bbox 558 2393 730 2476; x_wconf 89' lang='lat' dir='ltr'>moliatur,</span> <span class='ocrx_word' id='word_1_154' title='bbox 759 2393 869 2460; x_wconf 88' lang='lat' dir='ltr'>denuo</span> <span class='ocrx_word' id='word_1_155' title='bbox 892 2391 1042 2461; x_wconf 89' lang='lat' dir='ltr'>inducias</span> <span class='ocrx_word' id='word_1_156' title='bbox 1064 2394 1113 2461; x_wconf 85' lang='lat' dir='ltr'>sa·</span> <span class='ocrx_word' id='word_1_157' title='bbox 1159 2435 1164 2450; x_wconf 47' lang='grc' dir='ltr'><strong>ι</strong></span> 
     </span>
     <span class='ocr_line' id='line_1_22' title="bbox 74 2486 1112 2592; baseline -0.004 -26"><span class='ocrx_word' id='word_1_158' title='bbox 74 2500 153 2583; x_wconf 88' lang='lat' dir='ltr'>ciat,</span> <span class='ocrx_word' id='word_1_159' title='bbox 188 2499 361 2588; x_wconf 87' lang='lat' dir='ltr'>otiumque</span> <span class='ocrx_word' id='word_1_160' title='bbox 390 2486 433 2564; x_wconf 77' lang='lat' dir='ltr'>a&#39;d</span> <span class='ocrx_word' id='word_1_161' title='bbox 466 2495 718 2568; x_wconf 85' lang='lat' dir='ltr'>deliberandum</span> <span class='ocrx_word' id='word_1_162' title='bbox 749 2495 928 2578; x_wconf 90' lang='lat' dir='ltr'>concedat,</span> <span class='ocrx_word' id='word_1_163' title='bbox 951 2499 1112 2592; x_wconf 84' lang='lat' dir='ltr'>quonlam</span> 
     </span>
     <span class='ocr_line' id='line_1_23' title="bbox 75 2585 1139 2696; baseline -0.004 -26"><span class='ocrx_word' id='word_1_164' title='bbox 75 2605 173 2670; x_wconf 89' lang='lat' dir='ltr'>etiam</span> <span class='ocrx_word' id='word_1_165' title='bbox 195 2626 287 2670; x_wconf 91' lang='lat' dir='ltr'>nunc</span> <span class='ocrx_word' id='word_1_166' title='bbox 310 2600 457 2693; x_wconf 89' lang='lat' dir='ltr'>populus</span> <span class='ocrx_word' id='word_1_167' title='bbox 484 2603 517 2670; x_wconf 89' lang='lat' dir='ltr'>vi</span> <span class='ocrx_word' id='word_1_168' title='bbox 546 2625 644 2696; x_wconf 83' lang='lat' dir='ltr'>agere</span> <span class='ocrx_word' id='word_1_169' title='bbox 670 2600 822 2668; x_wconf 89' lang='lat' dir='ltr'>nondum</span> <span class='ocrx_word' id='word_1_170' title='bbox 845 2585 1053 2671; x_wconf 80' lang='lat' dir='ltr'>constituerit</span> <span class='ocrx_word' id='word_1_171' title='bbox 1075 2602 1113 2667; x_wconf 90' lang='lat' dir='ltr'>in</span> <span class='ocrx_word' id='word_1_172' title='bbox 1135 2610 1139 2616; x_wconf 87' lang='grc'><strong>“</strong></span> 
     </span>
     <span class='ocr_line' id='line_1_24' title="bbox 74 2701 1114 2800; baseline 0 -28"><span class='ocrx_word' id='word_1_173' title='bbox 74 2707 125 2789; x_wconf 84' lang='lat' dir='ltr'>iis,</span> <span class='ocrx_word' id='word_1_174' title='bbox 149 2730 235 2800; x_wconf 86' lang='lat' dir='ltr'>quae</span> <span class='ocrx_word' id='word_1_175' title='bbox 263 2701 397 2772; x_wconf 91' lang='lat' dir='ltr'>tolerari</span> <span class='ocrx_word' id='word_1_176' title='bbox 423 2706 561 2797; x_wconf 88' lang='lat' dir='ltr'>possint.</span> <span class='ocrx_word' id='word_1_177' title='bbox 609 2705 665 2772; x_wconf 87' lang='lat' dir='ltr'>Ad</span> <span class='ocrx_word' id='word_1_178' title='bbox 690 2705 772 2772; x_wconf 90' lang='lat' dir='ltr'>haec</span> <span class='ocrx_word' id='word_1_179' title='bbox 806 2703 996 2798; x_wconf 56' lang='lat' dir='ltr'>Philippus*</span> <span class='ocrx_word' id='word_1_180' title='bbox 1010 2705 1114 2772; x_wconf 67' lang='lat' dir='ltr'>Athe</span> 
     </span>
     <span class='ocr_line' id='line_1_25' title="bbox 73 2806 1114 2901; baseline -0.001 -26"><span class='ocrx_word' id='word_1_181' title='bbox 73 2812 347 2901; x_wconf 87' lang='lat' dir='ltr'>niensibus,·qua</span> <span class='ocrx_word' id='word_1_182' title='bbox 366 2832 447 2900; x_wconf 85' lang='lat' dir='ltr'>erga</span> <span class='ocrx_word' id='word_1_183' title='bbox 469 2833 503 2874; x_wconf 91' lang='lat' dir='ltr'>se</span> <span class='ocrx_word' id='word_1_184' title='bbox 527 2810 568 2876; x_wconf 90' lang='lat' dir='ltr'>ab</span> <span class='ocrx_word' id='word_1_185' title='bbox 589 2811 686 2877; x_wconf 91' lang='lat' dir='ltr'>initio</span> <span class='ocrx_word' id='word_1_186' title='bbox 702 2806 1020 2890; x_wconf 81' lang='lat' dir='ltr'>fuerintvolnntate,</span> <span class='ocrx_word' id='word_1_187' title='bbox 1043 2831 1114 2876; x_wconf 90' lang='lat' dir='ltr'>non</span> 
     </span>
     <span class='ocr_line' id='line_1_26' title="bbox 75 2905 1115 3005; baseline 0.002 -29"><span class='ocrx_word' id='word_1_188' title='bbox 75 2912 229 3005; x_wconf 84' lang='lat' dir='ltr'>ignorare</span> <span class='ocrx_word' id='word_1_189' title='bbox 251 2935 322 2978; x_wconf 92' lang='lat' dir='ltr'>sese</span> <span class='ocrx_word' id='word_1_190' title='bbox 344 2912 535 3004; x_wconf 88' lang='lat' dir='ltr'>respondet,</span> <span class='ocrx_word' id='word_1_191' title='bbox 557 2934 666 3005; x_wconf 88' lang='lat' dir='ltr'>neque</span> <span class='ocrx_word' id='word_1_192' title='bbox 689 2914 789 2979; x_wconf 90' lang='lat' dir='ltr'>etiam</span> <span class='ocrx_word' id='word_1_193' title='bbox 811 2927 972 3003; x_wconf 82' lang='lat' dir='ltr'>quantam</span> <span class='ocrx_word' id='word_1_194' title='bbox 990 2905 1115 2978; x_wconf 73' lang='lat' dir='ltr'>hucus-</span> 
     </span>
    </p>
   </div>
   <div class='ocr_carea' id='block_1_3' title="bbox 76 3006 1230 3111">
    <p class='ocr_par' dir='ltr' id='par_1_3' title="bbox 76 3006 1230 3111">
     <span class='ocr_line' id='line_1_27' title="bbox 76 3006 1230 3111; baseline -0.002 -29"><span class='ocrx_word' id='word_1_195' title='bbox 76 3021 140 3108; x_wconf 80' lang='lat' dir='ltr'>que</span> <span class='ocrx_word' id='word_1_196' title='bbox 149 3023 155 3052; x_wconf 72' lang='lat'><em>³</em></span> <span class='ocrx_word' id='word_1_197' title='bbox 164 3041 302 3111; x_wconf 89' lang='lat' dir='ltr'>operam</span> <span class='ocrx_word' id='word_1_198' title='bbox 325 3006 491 3096; x_wconf 87' lang='lat' dir='ltr'>dederint,</span> <span class='ocrx_word' id='word_1_199' title='bbox 513 3034 551 3082; x_wconf 89' lang='lat' dir='ltr'>ut</span> <span class='ocrx_word' id='word_1_200' title='bbox 560 3013 735 3084; x_wconf 88' lang='lat' dir='ltr'>Thessalos</span> <span class='ocrx_word' id='word_1_201' title='bbox 758 3032 791 3083; x_wconf 87' lang='lat' dir='ltr'>et</span> <span class='ocrx_word' id='word_1_202' title='bbox 810 3011 987 3082; x_wconf 87' lang='lat' dir='ltr'>Thebanos</span> <span class='ocrx_word' id='word_1_203' title='bbox 1014 3015 1115 3080; x_wconf 89' lang='lat' dir='ltr'>etiam</span> <span class='ocrx_word' id='word_1_204' title='bbox 1150 3083 1152 3088; x_wconf 69' lang='grc'><em>,</em></span> <span class='ocrx_word' id='word_1_205' title='bbox 1188 3071 1192 3079; x_wconf 91' lang='grc'><em>,</em></span> <span class='ocrx_word' id='word_1_206' title='bbox 1225 3037 1230 3048; x_wconf 91' lang='lat'><strong>·</strong></span> 
     </span>
    </p>
   </div>
   <div class='ocr_carea' id='block_1_4' title="bbox 75 3117 1139 4158">
    <p class='ocr_par' dir='ltr' id='par_1_4' title="bbox 75 3117 1135 3630">
     <span class='ocr_line' id='line_1_28' title="bbox 75 3117 1135 3210; baseline -0.002 -26"><span class='ocrx_word' id='word_1_207' title='bbox 75 3119 214 3189; x_wconf 89' lang='lat' dir='ltr'>Boeotos</span> <span class='ocrx_word' id='word_1_208' title='bbox 243 3117 286 3190; x_wconf 89' lang='lat' dir='ltr'>ad</span> <span class='ocrx_word' id='word_1_209' title='bbox 312 3144 405 3186; x_wconf 86' lang='lat' dir='ltr'>suem</span> <span class='ocrx_word' id='word_1_210' title='bbox 432 3121 578 3188; x_wconf 86' lang='lat' dir='ltr'>accirent</span> <span class='ocrx_word' id='word_1_211' title='bbox 605 3120 812 3202; x_wconf 86' lang='lat' dir='ltr'>societatem3</span> <span class='ocrx_word' id='word_1_212' title='bbox 849 3117 908 3210; x_wconf 86' lang='lat' dir='ltr'>qui</span> <span class='ocrx_word' id='word_1_213' title='bbox 934 3139 1038 3208; x_wconf 83' lang='lat' dir='ltr'>quum</span> <span class='ocrx_word' id='word_1_214' title='bbox 1068 3117 1135 3183; x_wconf 77' lang='lat' dir='ltr'>eis&#39;</span> 
     </span>
     <span class='ocr_line' id='line_1_29' title="bbox 77 3218 1115 3317; baseline -0.002 -28"><span class='ocrx_word' id='word_1_215' title='bbox 77 3224 216 3317; x_wconf 87' lang='lat' dir='ltr'>obsequi</span> <span class='ocrx_word' id='word_1_216' title='bbox 240 3222 360 3304; x_wconf 88' lang='lat' dir='ltr'>nolint,</span> <span class='ocrx_word' id='word_1_217' title='bbox 383 3221 442 3290; x_wconf 87' lang='lat' dir='ltr'>sed</span> <span class='ocrx_word' id='word_1_218' title='bbox 464 3224 602 3316; x_wconf 88' lang='lat' dir='ltr'>propria</span> <span class='ocrx_word' id='word_1_219' title='bbox 631 3218 807 3290; x_wconf 87' lang='lat' dir='ltr'>commode</span> <span class='ocrx_word' id='word_1_220' title='bbox 834 3237 1001 3302; x_wconf 87' lang='lat' dir='ltr'>tueantur,</span> <span class='ocrx_word' id='word_1_221' title='bbox 1022 3239 1115 3287; x_wconf 86' lang='lat' dir='ltr'>nunc</span> 
     </span>
     <span class='ocr_line' id='line_1_30' title="bbox 77 3325 1116 3421; baseline -0.002 -29"><span class='ocrx_word' id='word_1_222' title='bbox 77 3347 130 3395; x_wconf 86' lang='lat' dir='ltr'>eos</span> <span class='ocrx_word' id='word_1_223' title='bbox 157 3330 242 3398; x_wconf 83' lang='lat' dir='ltr'>facta</span> <span class='ocrx_word' id='word_1_224' title='bbox 270 3325 430 3421; x_wconf 88' lang='lat' dir='ltr'>repente</span> <span class='ocrx_word' id='word_1_225' title='bbox 438 3327 656 3395; x_wconf 85' lang='lat' dir='ltr'>conversione</span> <span class='ocrx_word' id='word_1_226' title='bbox 691 3326 786 3417; x_wconf 87' lang='lat' dir='ltr'>pacis</span> <span class='ocrx_word' id='word_1_227' title='bbox 812 3346 883 3390; x_wconf 91' lang='lat' dir='ltr'>sese</span> <span class='ocrx_word' id='word_1_228' title='bbox 907 3327 1116 3418; x_wconf 87' lang='lat' dir='ltr'>compositae</span> 
     </span>
     <span class='ocr_line' id='line_1_31' title="bbox 78 3426 1117 3526; baseline -0.001 -30"><span class='ocrx_word' id='word_1_229' title='bbox 78 3431 266 3514; x_wconf 88' lang='lat' dir='ltr'>admonere,</span> <span class='ocrx_word' id='word_1_230' title='bbox 291 3455 496 3526; x_wconf 88' lang='lat' dir='ltr'>quamquam</span> <span class='ocrx_word' id='word_1_231' title='bbox 517 3427 614 3496; x_wconf 91' lang='lat' dir='ltr'>nulla</span> <span class='ocrx_word' id='word_1_232' title='bbox 634 3427 743 3497; x_wconf 87' lang='lat' dir='ltr'>adhuc</span> <span class='ocrx_word' id='word_1_233' title='bbox 764 3426 889 3495; x_wconf 82' lang='lat' dir='ltr'>iniuria</span> <span class='ocrx_word' id='word_1_234' title='bbox 911 3449 930 3496; x_wconf 85' lang='lat' dir='ltr'>a</span> <span class='ocrx_word' id='word_1_235' title='bbox 951 3447 986 3495; x_wconf 88' lang='lat' dir='ltr'>se</span> <span class='ocrx_word' id='word_1_236' title='bbox 1008 3446 1117 3495; x_wconf 86' lang='lat' dir='ltr'>essent</span> 
     </span>
     <span class='ocr_line' id='line_1_32' title="bbox 78 3524 1117 3654; baseline -0.002 -56"><span class='ocrx_word' id='word_1_237' title='bbox 78 3533 194 3620; x_wconf 82' lang='lat' dir='ltr'>affecti,</span> <span class='ocrx_word' id='word_1_238' title='bbox 218 3537 442 3630; x_wconf 81' lang='lat' dir='ltr'>induciasque</span> <span class='ocrx_word' id='word_1_239' title='bbox 464 3557 603 3654; x_wconf 39' lang='grc' dir='ltr'><strong>ιοςιιηες</strong></span> <span class='ocrx_word' id='word_1_240' title='bbox 630 3557 710 3628; x_wconf 80' lang='lat' dir='ltr'>quas</span> <span class='ocrx_word' id='word_1_241' title='bbox 744 3529 889 3626; x_wconf 83' lang='lat' dir='ltr'>quidem</span> <span class='ocrx_word' id='word_1_242' title='bbox 905 3524 1032 3630; x_wconf 82' lang='lat' dir='ltr'>pacisci</span> <span class='ocrx_word' id='word_1_243' title='bbox 1056 3555 1117 3654; x_wconf 91' lang='lat' dir='ltr'>pa</span> 
     </span>
    </p>

    <p class='ocr_par' dir='ltr' id='par_1_5' title="bbox 78 3637 1117 3729">
     <span class='ocr_line' id='line_1_33' title="bbox 78 3637 1117 3729; baseline -0.002 -27"><span class='ocrx_word' id='word_1_244' title='bbox 78 3657 184 3708; x_wconf 86' lang='lat' dir='ltr'>ratum</span> <span class='ocrx_word' id='word_1_245' title='bbox 207 3668 240 3709; x_wconf 90' lang='lat' dir='ltr'>se</span> <span class='ocrx_word' id='word_1_246' title='bbox 262 3667 357 3725; x_wconf 86' lang='lat' dir='ltr'>esse,</span> <span class='ocrx_word' id='word_1_247' title='bbox 366 3644 396 3708; x_wconf 92' lang='lat' dir='ltr'>si</span> <span class='ocrx_word' id='word_1_248' title='bbox 422 3637 566 3708; x_wconf 91' lang='lat' dir='ltr'>modo</span> <span class='ocrx_word' id='word_1_249' title='bbox 556 3637 692 3729; x_wconf 75' lang='lat' dir='ltr'>iniquos</span> <span class='ocrx_word' id='word_1_250' title='bbox 720 3661 883 3706; x_wconf 87' lang='lat' dir='ltr'>suasores</span> <span class='ocrx_word' id='word_1_251' title='bbox 896 3661 984 3705; x_wconf 90' lang='lat' dir='ltr'>suos</span> <span class='ocrx_word' id='word_1_252' title='bbox 995 3661 1014 3704; x_wconf 86' lang='lat' dir='ltr'>a</span> <span class='ocrx_word' id='word_1_253' title='bbox 1036 3637 1117 3702; x_wconf 88' lang='lat' dir='ltr'>civi</span> 
     </span>
    </p>

    <p class='ocr_par' dir='ltr' id='par_1_6' title="bbox 78 3739 1139 3937">
     <span class='ocr_line' id='line_1_34' title="bbox 78 3739 1139 3836; baseline 0.001 -29"><span class='ocrx_word' id='word_1_254' title='bbox 78 3757 141 3808; x_wconf 87' lang='lat' dir='ltr'>tate</span> <span class='ocrx_word' id='word_1_255' title='bbox 163 3771 314 3815; x_wconf 84' lang='lat' dir='ltr'>amovere</span> <span class='ocrx_word' id='word_1_256' title='bbox 335 3744 581 3813; x_wconf 82' lang='lat' dir='ltr'>voluerint-</span> <span class='ocrx_word' id='word_1_257' title='bbox 612 3743 738 3809; x_wconf 88' lang='lat' dir='ltr'>Eodem</span> <span class='ocrx_word' id='word_1_258' title='bbox 766 3758 925 3836; x_wconf 79' lang='lat' dir='ltr'>tempore</span> <span class='ocrx_word' id='word_1_259' title='bbox 922 3739 1116 3808; x_wconf 77' lang='lat' dir='ltr'>Thebanis</span> <span class='ocrx_word' id='word_1_260' title='bbox 1136 3815 1139 3822; x_wconf 29' lang='lat'>¹</span> 
     </span>
     <span class='ocr_line' id='line_1_35' title="bbox 78 3835 1118 3937; baseline 0.004 -29"><span class='ocrx_word' id='word_1_261' title='bbox 78 3835 299 3916; x_wconf 85' lang='lat' dir='ltr'>blandissimis</span> <span class='ocrx_word' id='word_1_262' title='bbox 341 3849 450 3916; x_wconf 76' lang='lat' dir='ltr'>verbis</span> <span class='ocrx_word' id='word_1_263' title='bbox 494 3843 692 3937; x_wconf 86' lang='lat' dir='ltr'>respondet.</span> <span class='ocrx_word' id='word_1_264' title='bbox 739 3847 833 3936; x_wconf 88' lang='lat' dir='ltr'>prius</span> <span class='ocrx_word' id='word_1_265' title='bbox 882 3843 1021 3937; x_wconf 75' lang='lat' dir='ltr'>quidem</span> <span class='ocrx_word' id='word_1_266' title='bbox 1062 3869 1118 3912; x_wconf 87' lang='lat' dir='ltr'>su-</span> 
     </span>
    </p>

    <p class='ocr_par' dir='ltr' id='par_1_7' title="bbox 80 3947 1120 4148">
     <span class='ocr_line' id='line_1_36' title="bbox 80 3947 1118 4054; baseline 0.004 -40"><span class='ocrx_word' id='word_1_267' title='bbox 80 3968 202 4054; x_wconf 87' lang='lat' dir='ltr'>spectos</span> <span class='ocrx_word' id='word_1_268' title='bbox 240 3977 293 4022; x_wconf 89' lang='lat' dir='ltr'>eos</span> <span class='ocrx_word' id='word_1_269' title='bbox 311 3951 510 4032; x_wconf 88' lang='lat' dir='ltr'>habuisse,</span> <span class='ocrx_word' id='word_1_270' title='bbox 532 3969 570 4015; x_wconf 86' lang='lat' dir='ltr'>ac</span> <span class='ocrx_word' id='word_1_271' title='bbox 607 3949 636 4014; x_wconf 88' lang='lat' dir='ltr'>si</span> <span class='ocrx_word' id='word_1_272' title='bbox 676 3947 938 4016; x_wconf 81' lang='lat' dir='ltr'>Atheniensium</span> <span class='ocrx_word' id='word_1_273' title='bbox 970 3947 1118 4020; x_wconf 81' lang='lat' dir='ltr'>consiliis</span> 
     </span>
     <span class='ocr_line' id='line_1_37' title="bbox 82 4033 1120 4158; baseline 0.012 -43"><span class='ocrx_word' id='word_1_274' title='bbox 82 4043 264 4126; x_wconf 84' lang='lat' dir='ltr'>obsecuturi</span> <span class='ocrx_word' id='word_1_275' title='bbox 275 4056 429 4141; x_wconf 85' lang='lat' dir='ltr'>sueiint3</span> <span class='ocrx_word' id='word_1_276' title='bbox 440 4067 473 4122; x_wconf 87' lang='lat' dir='ltr'>at</span> <span class='ocrx_word' id='word_1_277' title='bbox 490 4073 593 4138; x_wconf 89' lang='lat' dir='ltr'>nunc,</span> <span class='ocrx_word' id='word_1_278' title='bbox 608 4070 784 4148; x_wconf 84' lang='lat' dir='ltr'>postquam</span> <span class='ocrx_word' id='word_1_279' title='bbox 801 4077 837 4120; x_wconf 84' lang='lat' dir='ltr'>er</span> <span class='ocrx_word' id='word_1_280' title='bbox 849 4033 988 4158; x_wconf 75' lang='lat' dir='ltr'>epistola</span> <span class='ocrx_word' id='word_1_281' title='bbox 1002 4079 1120 4128; x_wconf 88' lang='lat' dir='ltr'>eorum</span> 
     </span>
    </p>
   </div>
   <div class='ocr_carea' id='block_1_5' title="bbox 751 4159 932 4232">
    <p class='ocr_par' dir='ltr' id='par_1_8' title="bbox 751 4159 932 4232">
     <span class='ocr_line' id='line_1_38' title="bbox 751 4159 932 4232; baseline -0.006 0"><span class='ocrx_word' id='word_1_282' title='bbox 751 4159 818 4232; x_wconf 79' lang='lat'>16*</span> <span class='ocrx_word' id='word_1_283' title='bbox 927 4174 932 4182; x_wconf 87' lang='grc'><strong>“</strong></span> 
     </span>
    </p>
   </div>
   <div class='ocr_carea' id='block_1_6' title="bbox 0 0 1387 4772">
    <p class='ocr_par' dir='ltr' id='par_1_9' title="bbox 0 0 1387 4772">
     <span class='ocr_line' id='line_1_39' title="bbox 0 0 1387 4772; baseline 0 0"><span class='ocrx_word' id='word_1_284' title='bbox 0 0 1387 4772; x_wconf 95' lang='lat' dir='ltr'> </span> 
     </span>
    </p>
   </div>
  </div>
 </body>
</html>
