2694 4784
532 278 575 347 81

20 447 179 542 spatium
200 448 320 516 urbem
342 447 466 517 reversi
486 466 575 517 sunt.
620 447 718 514 Dem.
739 445 761 512 l.
785 470 814 514 c.
835 471 872 540 Ρ.
895 448 969 538 359.
1014 451 1079 516 Hie

20 551 276 622 Demosthenes
306 551 510 620 Aeschinem
543 569 577 620 et
598 548 823 620 Philocratem
843 551 1080 636 Athenienses,

21 658 72 724 de
92 656 252 750 Philippi
281 654 324 722 ud
346 652 591 749 Thermopylas
619 654 764 723 adventu
791 651 961 737 sollicitos,
992 657 1081 724 male

23 763 230 830 renunciata
250 758 417 852 legatione
440 776 474 826 et
500 759 591 826 vanis
618 759 792 852 promissis
823 756 992 854 decepisse
1015 763 1081 828 cri-

30 869 188 932 minatur.
237 862 436 958 Philippum
466 865 558 930 enim
579 861 717 930 'dicebat
744 861 927 930 Aeschines
959 862 1079 932 talibus

38 967 178 1040 consiliis
194 970 276 1050 uti,
305 993 391 1060 quae
411 991 534 1059 magna
560 965 768 1060 reipublicae
796 966 974 1036 commoda
986 1002 990 1010 ν
1001 981 1079 1036 mox

31 1075 144 1142 soient
170 1069 319 1140 allatura.
370 1070 451 1140 Non
480 1070 524 1138 ad
545 1070 770 1140 Phocensium
799 1073 892 1138 enim
914 1073 1080 1141 excidium

29 1178 234 1271 Philippum
254 1177 386 1257 venire,
416 1173 477 1243 sed
506 1173 550 1241 ad
570 1174 773 1244 coercendos
795 1174 985 1244 Thebanos.
1028 1176 1079 1243 Ne
1199 1210 1202 1214 ·

29 1285 138 1378 igitur
161 1305 239 1348 cum
261 1279 363 1371 Pylas
386 1303 463 1346 cum
485 1281 586 1345 armis
607 1281 799 1374 ingressum,
816 1282 909 1346 anxie
938 1281 1078 1366 ferrent3

30 1389 195 1456 contiuuo
218 1385 310 1451 enim
331 1384 502 1452 Boeotiam
524 1383 797 1454 aThebunorum
818 1387 973 1452 servitute
993 1383 1098 1474 libe,

32 1510 150 1572 1atam,
172 1489 337 1580 Thespias
364 1485 579 1581 Plataeasque
607 1490 774 1557 restitutas
802 1489 999 1556 nunciatum
1019 1490 1078 1574 iri3

36 1598 185 1688 denique
214 1593 372 1686 Oropum
399 1590 613 1658 redditurum
644 1593 691 1688 eis
712 1591 912 1686 Philippum
941 1616 1009 1660 esse
1031 1591 1079 1660 as«-

36 1698 205 1768 firmabat'
245 1698 329 1764 Istae
357 1699 449 1764 enim
475 1715 568 1764 etant
590 1694 1079 1797 causaelodiihthenicnsium

43 1804 280 1872 iuThehauos.
332 1800 572 1869 Demosthenes
603 1823 683 1868 vero
715 1823 822 1894 quum
855 1803 1077 1881 assurrexerit,

41 1927 67 1978 et
85 1930 230 1978 monere
249 1904 417 1999 populum
439 1923 575 1974 conatus
598 1907 655 1988 sit,
685 1926 730 1972 ne
758 1903 851 1971 vanis
878 1928 912 1971 se
934 1905 1079 1998 promis—

36 2018 77 2082 sis
99 2014 216 2106 decipi
245 2013 384 2093 sineret,
417 2012 586 2079 invectum
614 2011 653 2079 in
686 2033 721 2078 se
742 2007 968 2077 Philocratem
989 2025 1078 2076 tauta

38 2119 190 2212 superbia
215 2141 283 2184 esse
304 2115 417 2198 refert,
439 2131 478 2183 ut
498 2117 570 2209 ipse
603 2117 672 2184 iam
694 2112 844 2208 explosus
867 2113 1078 2182 conticuerit.

37 2225 79 2290 V.
110 2225 208 2290 Dem.
239 2249 273 2290 π.
300 2245 440 2309 aucune.
472 2245 506 2312 Ρ.
531 2220 596 2305 346
617 2246 691 2314 sqq.
714 2258 756 2271 -
783 2245 819 2313 Ρ.
842 2220 916 2288 353.
945 2241 980 2308 p.
1002 2217 1077 2287 355.

41 2325 92 2396 Cf.
112 2352 158 2397 or.
183 2327 227 2394 de
249 2349 332 2420 pace
353 2351 387 2419 Ρ.
412 2330 463 2417 39.
507 2321 594 2391 Phil
618 2324 719 2419 II‚·p.
741 2346 784 2415 72
807 2325 897 2416 sq.*)

126 2432 174 2497 lta
191 2454 272 2498 vero
294 2429 469 2498 lallacibus
499 2426 685 2522 legatorum
711 2428 884 2521 promissis
913 2427 1078 2517 intempe—

52 2535 130 2602 stive
148 2534 287 2602 confisus
307 2533 454 2627 populus
483 2555 552 2600 non
575 2532 685 2600 solum
709 2533 756 2600 ad·
774 2529 922 2624 Philippi
944 2531 1080 2621 incepta

48 2639 188 2730 quietum
210 2662 281 2706 sese
303 2639 450 2718 tenebat,
474 2635 533 2704 sed
555 2635 727 2705 decretum
754 2637 857 2704 etiam
882 2629 1078 2700 Philocratis

42 2760 147 2810 ratum
169 2768 237 2810 esse
259 2743 370 2823 iussit,
400 2743 438 2809 in
459 2766 527 2836 quo
549 2744 701 2836 primum
720 2764 787 2834 pax
807 2737 909 2806 modo
932 2738 1015 2804 inita
1036 2733 1081 2802 ad
1168 2801 1171 2808 .

40 2866 187 2939 posteros
209 2871 315 2940 usque
339 2865 468 2914 extensa
490 2865 547 2928 est,
571 2843 695 2914 deinde
717 2867 802 2938 quae
824 2841 1002 2935 Philippus
1024 2864 1082 2932 ag*

42 2977 167 3043 gressus
198 2969 302 3034 esset,
340 2949 473 3018 laudata
500 2951 799 3042 comprobataquc,
826 2946 975 3037 denique
997 2945 1081 3011 haec

43 3075 167 3124 exarata
188 3073 279 3124 sum:
308 3055 363 3124 liar
383 3054 427 3140 μὴ
455 3062 566 3122 ποιῶσι
591 3061 709 3130 Φωκεῖς
734 3050 756 3118 ἃ
779 3055 837 3132 δεῖ,
866 3052 918 3116 καὶ
944 3051 1082 3138 nupsis-

42 3163 113 3230 toea
137 3171 204 3238 τοῖς
226 3158 427 3250 hipparchea
454 3159 491 3228 τὸ
505 3158 612 3247 lehis,
644 3157 693 3224 ὅτι
713 3155 869 3241 βοηθήσει
896 3150 914 3218 ὅ
941 3146 1080 3238 [leinach

42 3339 353 3359 -un———tnfl

122 3457 256 3526 ciliandis
277 3462 445 3532 Halensium
466 3475 495 3522 et
516 3460 726 3522 Pharsaliorum
754 3443 906 3519 inimicitiis
934 3454 1081 3516 adiutores

121 3555 231 3614 essene
270 3542 357 3610 Deru.
378 3546 399 3610 l.
420 3571 445 3612 c.
488 3570 520 3632 Ρ.
545 3548 617 3609 352.
667 3619 669 3632 Ι

80 3667 234 3754 ⁵)Aesch.
264 3695 298 3734 π.
325 3689 464 3753 noeane.
493 3691 524 3754 Ρ.
547 3662 591 3748 ail
623 3670 662 3729 in.
691 3668 872 3730 renunciasse
904 3681 936 3725 se
968 3660 1081 3745 populo

124 3759 231 3822 eadem
253 3759 332 3837 dicit,
354 3780 429 3842 quae
452 3759 481 3816 iu
503 3755 674 3818 Macedonia
696 3754 733 3814 ad
754 3752 922 3834 Philippum
951 3751 1085 3832 pronun·

123 3849 243 3909 ciasset:
266 3866 394 3929 aequum
414 3864 519 3926 nempe
540 3841 597 3903 sibi
625 3840 733 3919 videri,
761 3856 795 3900 ot
821 3837 940 3899 Thebae
962 3836 1091 3918 Boeotiav

124 3947 234 4010 essem,
254 3954 313 3993 nou
334 3931 455 3993 Boeotia
482 3928 602 3990 Thebae
624 3961 668 3974 -··
689 3947 809 4012 prorsus
830 3927 934 3986 leuiter
967 3937 997 3984 et
1024 3923 1084 3981 ele··
1139 3967 1141 3974 .

20 4045 21 4054 ¹
124 4034 245 4103 gemm
267 4017 320 4079 sed
342 4040 378 4081 eo
400 4020 465 4101 ipso
486 4017 689 4076 Demosthenis
710 4014 933 4075 erimhaatiouetn
954 4009 1083 4095 apprime
1196 4013 1198 4016 ’

20 4129 21 4146 ³
126 4099 287 4169 confirmat.
585 4177 588 4184 Ι
709 4194 733 4268 6
798 4153 801 4160 .
