2740 4774
311 665 932 768 Epilogus.x

71 807 101 867 iu
130 825 188 888 quo
217 799 461 868 monumentorum
476 806 674 892 pellitorum,
701 829 776 891 quae
798 809 927 868 orationi
945 807 981 869 de
1004 830 1112 872 corona

114 908 334 988 inserto-tunt,
362 911 498 971 annosa
527 913 603 971 rutro
633 911 814 998 conditaeque
842 912 1030 996 exploratur,
1061 938 1111 976 ur·

115 1009 244 1087 chortes,
266 1034 338 1097 quos
352 1013 548 1099 praeferunt,
572 1013 817 1098 pseudoponymi,
844 1015 917 1100 quid
935 1015 993 1076 sibi
1009 1017 1111 1097 rebrat,

114 1109 284 1200 inquiritur,
305 1117 392 1178 sonu!
416 1140 489 1202 quae
511 1135 563 1178 aut
575 1117 710 1200 ambigue
727 1133 784 1178 *aut
805 1121 897 1178 minus
909 1120 1047 1204 fidestan·
1062 1143 1112 1184 su·

106 1243 168 1304 pra
190 1219 395 1305 disputaremus
416 1236 632 1294 retractantur,
653 1223 803 1307 inprimis
823 1245 872 1293 ea,
894 1245 967 1307 quae
982 1223 1018 1285 de
1038 1225 1114 1285 duo-⁶
1325 1251 1326 1254 ¹

104 1323 165 1384 lus
186 1323 302 1388 Callrue
323 1325 446 1386 ᾰιινιιίι
468 1325 523 1403 (de
541 1321 603 1386 eor.
619 1349 654 1410 Ρ.
678 1328 774 1405 aas),
796 1327 887 1411 deque
907 1327 1109 1394 Demosthenis

112 1429 229 1489 decreto
251 1427 299 1514 (Ρ.
322 1431 417 1508 235),
439 1430 508 1490 item
529 1428 566 1490 de
587 1428 775 1491 Cullutleuis
796 1431 840 1516 (Ρ.
865 1433 966 1510 238),
988 1432 1109 1518 denique

112 1532 149 1592 de
164 1532 401 1617 pseudepunymo
422 1534 512 1595 Νἰιία
540 1536 571 1593 in
598 1536 768 1612 testuuonio,
790 1535 870 1620 quod
889 1548 991 1596 enatat
1007 1559 1049 1596 or.
1072 1538 1109 1598 da
1177 1589 1181 1600 .

112 1659 171 1698 cor.
186 1661 222 1722 Ρ.
246 1642 320 1716 273,
343 1639 374 1698 t'u
394 1636 586 1724 superioribus
607 1640 673 1698 vua
694 1636 776 1700 noltt's
796 1653 864 1700 sunt
885 1655 915 1700 et
936 1621 1059 1700 itututu.

156 1841 196 1907 In
218 1837 299 1906 libri
322 1841 421 1906 huius
448 1838 640 1932 prooemio,
670 1837 845 1932 exploratis
871 1865 984 1908 rernm
1006 1859 1110 1934 gesta-

68 1967 146 2010 rum
168 1938 375 2037 temporibus
397 1962 547 2040 acturum
569 1967 639 2010 esse
661 1969 716 2010 me
738 1943 809 2012 dixi
832 1945 874 2012 de
895 1945 1109 2014 archontibus

67 2048 120 2128 iis,
143 2050 214 2141 qui,
238 2047 331 2140 quod
354 2072 607 2170 ιιΡοιιΡιιιοιιιιιι,
631 2073 671 2116 ex
692 2051 814 2142 quibus
837 2048 1004 2142 designari
1018 2049 1109 2143 apud

67 2145 290 2224 Athenienses
313 2155 392 2221 anni
414 2153 578 2236 solebant,
606 2155 754 2246 speciem
775 2179 856 2246 prae
879 2179 914 2222 se
935 2153 1109 2236 serant,a

48 2273 50 2278 '
68 2255 229 2324 fastorum
251 2275 363 2323 tamen
392 2257 566 2350 eponymis
588 2282 725 2350 prorsus
745 2255 949 2339 dissentiant,
972 2263 1109 2326 nomine

69 2358 242 2427 aflorsino
255 2357 391 2434 invento
401 2359 668 2454 pseudoponymi
690 2359 787 2452 vulgo
809 2380 977 2449 vocantur.
1012 2364 1109 2430 Eius·
1197 2367 1199 2371 ’

67 2462 164 2532 modi
191 2466 281 2531 enim
311 2463 505 2547 archontes,
533 2481 778 2556 uno-excepto,
810 2490 911 2556 quem
933 2465 1109 2534 Aeschinis

69 2569 236 2634 accusatio
257 2566 412 2658 praefert,
435 2589 549 2635 omnes
571 2592 626 2636 eos
649 2591 717 2635 esse
731 2567 1024 2660 deprehendimus,
1048 2572 1108 2663 qui

69 2672 192 2738 tabulis
214 2669 375 2764 publicis,
404 2672 545 2740 orationi
566 2671 609 2738 de
631 2696 755 2740 corona
777 2673 924 2754 insertis,
946 2675 1111 2765 praesori-

66 2777 228 2867 peieret,
251 2774 394 2868 perinde
416 2777 503 2843 acsi
533 2800 571 2843 re
592 2801 669 2844 vera
696 2777 791 2844 annis
822 2775 1034 2881 designandis
1057 2779 1111 2844 iu-

68 2880 221 2948 serviaut.
266 2880 412 2972 Atque
402 2904 438 2946 ιιι
461 2880 512 2946 his
533 2883 743 2973 potissimum
765 2905 804 2948 ex
827 2884 975 2949 oratione
997 2898 1111 2948 nostra

68 2985 184 3074 petitis
205 3001 353 3052 versatur
383 2986 531 3076 quaestio
560 2983 602 3050 de
631 2983 913 3077 pseudeponymis
939 2984 1110 3066 mirensis,

70 3110 156 3208 quos
185 3085 229 3152 ad
250 3111 414 3164 annorum
444 3089 563 3154 seriem
592 3086 727 3208 collegit
753 3086 1007 3180 exploravitque
1029 3094 1111 3156 Cor-

70 3193 163 3258 sinus
185 3189 236 3274 (F.
258 3192 299 3258 A.
322 3189 400 3258 diss.
422 3189 528 3273 VIII),
547 3194 679 3284 quippe
694 3192 761 3292 qni
785 3209 822 3257 et
843 3189 1031 3284 plerique
1021 3208 1111 3258 mter
1169 3227 1171 3231 v
1211 3228 1214 3234 ·

71 3296 232 3376 cossim,
267 3312 299 3361 et
326 3295 507 3384 gravissimi
536 3319 575 3362 aa
604 3293 647 3361 de
676 3319 771 3361 censa
793 3293 982 3377 videantur,
1017 3292 1111 3388 quod

70 3401 139 3468 sint
159 3402 239 3495 actis
261 3396 404 3492 publicis
432 3396 627 3466 confirmati.
678 3398 795 3490 anue
824 3400 973 3490 quaestio
1001 3423 1112 3519 aeger-

69 3506 158 3570 rime
179 3502 397 3596 plerosque
381 3503 468 3570 viros
491 3499 606 3570 doctos
628 3503 818 3594 torquebat,
842 3520 874 3570 et
894 3519 996 3594 prout
1019 3503 1111 3594 quis·

72 3631 141 3699 que
170 3605 212 3672 de
241 3607 438 3676 archontum
464 3601 600 3672 illorum
633 3623 737 3672 aetate
771 3609 946 3688 statuebat,
980 3605 1084 3672 alii
1074 3630 1112 3671 ιιι

71 3708 171 3794 aliam
208 3707 250 3774 de
285 3710 327 3776 iis
364 3709 558 3802 opinionem
585 3709 809 3776 trahebantur.
862 3711 967 3777 Erant
999 3709 1111 3802 igitur,

72 3814 134 3904 qui
162 3836 217 3879 eos
247 3830 376 3880 senatus
399 3815 552 3905 epistates
575 3817 805 3906 opinarentur,
828 3815 887 3906 qui
909 3812 1113 3880 thesmuthe·

72 3935 122 3986 tas
150 3939 283 4008 regesve
309 3934 366 3984 aut
386 3915 634 4009 polemarohos,
664 3916 811 4010 denique
842 3918 901 4010 qui
928 3940 1114 4008 eponymo-

72 4045 151 4088 rum
173 4019 332 4089 suffectos.
378 4022 525 4104 Quarum
552 4023 753 4114 opinionum
782 4044 888 4114 quum
916 4022 1002 4087 mihi
1022 4017 1114 4086 nulla

74 4126 152 4193 satia
172 4125 341 4194 videretur
362 4125 555 4219 probabilis,
583 4123 625 4192 de
648 4115 810 4196 universis
831 4123 1114 4220 pseudeponymis

751 4235 820 4306 19*
1026 4256 1029 4262 '
