<?xml version="1.0" encoding="UTF-8"?>
<!DOCTYPE html PUBLIC "-//W3C//DTD XHTML 1.0 Transitional//EN"
    "http://www.w3.org/TR/xhtml1/DTD/xhtml1-transitional.dtd">
<html xmlns="http://www.w3.org/1999/xhtml" xml:lang="en" lang="en">
 <head>
  <title>
</title>
<meta http-equiv="Content-Type" content="text/html;charset=utf-8" />
  <meta name='ocr-system' content='tesseract 3.04.00' />
  <meta name='ocr-capabilities' content='ocr_page ocr_carea ocr_par ocr_line ocrx_word'/>
</head>
<body>
  <div class='ocr_page' id='page_1' title='image "./francisciwiniew00winigoog_0155.png"; bbox 0 0 2694 4784; ppageno 0'>
   <div class='ocr_carea' id='block_1_1' title="bbox 699 321 856 430">
    <p class='ocr_par' dir='ltr' id='par_1_1' title="bbox 699 321 856 430">
     <span class='ocr_line' id='line_1_1' title="bbox 699 321 856 430; baseline 0 0"><span class='ocrx_word' id='word_1_1' title='bbox 699 321 856 430; x_wconf 51' lang='grc' dir='ltr'><em>εν...</em></span> 
     </span>
    </p>
   </div>
   <div class='ocr_carea' id='block_1_2' title="bbox 202 478 1337 3118">
    <p class='ocr_par' dir='ltr' id='par_1_2' title="bbox 202 478 1337 3118">
     <span class='ocr_line' id='line_1_2' title="bbox 254 478 1304 588; baseline 0 -24"><span class='ocrx_word' id='word_1_2' title='bbox 254 498 293 564; x_wconf 91' lang='lat' dir='ltr'>in</span> <span class='ocrx_word' id='word_1_3' title='bbox 323 491 594 588; x_wconf 79' lang='lat' dir='ltr'>Peloponnesum</span> <span class='ocrx_word' id='word_1_4' title='bbox 615 491 828 584; x_wconf 82' lang='lat' dir='ltr'>ingrediendi</span> <span class='ocrx_word' id='word_1_5' title='bbox 857 478 1080 563; x_wconf 80' lang='lat' dir='ltr'>commodum¹</span> <span class='ocrx_word' id='word_1_6' title='bbox 1093 495 1226 563; x_wconf 84' lang='lat' dir='ltr'>offerret</span> <span class='ocrx_word' id='word_1_7' title='bbox 1252 497 1304 564; x_wconf 85' lang='lat' dir='ltr'>fa-</span> 
     </span>
     <span class='ocr_line' id='line_1_3' title="bbox 255 596 1305 692; baseline -0.001 -22"><span class='ocrx_word' id='word_1_8' title='bbox 255 599 424 670; x_wconf 86' lang='lat' dir='ltr'>cultatem.</span> <span class='ocrx_word' id='word_1_9' title='bbox 470 596 517 664; x_wconf 88' lang='lat' dir='ltr'>Ut</span> <span class='ocrx_word' id='word_1_10' title='bbox 539 596 665 692; x_wconf 82' lang='lat' dir='ltr'>ubique</span> <span class='ocrx_word' id='word_1_11' title='bbox 674 596 839 682; x_wconf 38' lang='lat' dir='ltr'>·se1·e‚,sic</span> <span class='ocrx_word' id='word_1_12' title='bbox 862 599 961 672; x_wconf 87' lang='lat' dir='ltr'>etiam</span> <span class='ocrx_word' id='word_1_13' title='bbox 984 599 1129 691; x_wconf 82' lang='lat' dir='ltr'>Megaris</span> <span class='ocrx_word' id='word_1_14' title='bbox 1153 602 1305 669; x_wconf 83' lang='lat' dir='ltr'>exstabat</span> 
     </span>
     <span class='ocr_line' id='line_1_4' title="bbox 255 701 1303 806; baseline -0.002 -32"><span class='ocrx_word' id='word_1_15' title='bbox 255 705 380 774; x_wconf 86' lang='lat' dir='ltr'>civium</span> <span class='ocrx_word' id='word_1_16' title='bbox 401 701 516 806; x_wconf 72' lang='lat' dir='ltr'>aliqua</span> <span class='ocrx_word' id='word_1_17' title='bbox 537 725 625 794; x_wconf 87' lang='lat' dir='ltr'>pars,</span> <span class='ocrx_word' id='word_1_18' title='bbox 648 701 686 767; x_wconf 89' lang='lat' dir='ltr'>in</span> <span class='ocrx_word' id='word_1_19' title='bbox 699 702 830 793; x_wconf 87' lang='lat' dir='ltr'>primis,</span> <span class='ocrx_word' id='word_1_20' title='bbox 854 720 893 769; x_wconf 92' lang='lat' dir='ltr'>ut</span> <span class='ocrx_word' id='word_1_21' title='bbox 914 701 1054 786; x_wconf 85' lang='lat' dir='ltr'>videtur,</span> <span class='ocrx_word' id='word_1_22' title='bbox 1077 707 1303 796; x_wconf 86' lang='lat' dir='ltr'>optimatium,</span> 
     </span>
     <span class='ocr_line' id='line_1_5' title="bbox 202 806 1303 904; baseline 0 -28"><span class='ocrx_word' id='word_1_23' title='bbox 202 889 204 896; x_wconf 21' lang='grc' dir='ltr'>Ι</span> <span class='ocrx_word' id='word_1_24' title='bbox 255 831 341 904; x_wconf 78' lang='lat' dir='ltr'>quse</span> <span class='ocrx_word' id='word_1_25' title='bbox 363 806 522 902; x_wconf 88' lang='lat' dir='ltr'>propriae</span> <span class='ocrx_word' id='word_1_26' title='bbox 544 806 697 872; x_wconf 87' lang='lat' dir='ltr'>utili-tatis</span> <span class='ocrx_word' id='word_1_27' title='bbox 719 828 817 872; x_wconf 88' lang='lat' dir='ltr'>eausa</span> <span class='ocrx_word' id='word_1_28' title='bbox 839 808 922 874; x_wconf 84' lang='lat' dir='ltr'>votis</span> <span class='ocrx_word' id='word_1_29' title='bbox 940 806 1093 899; x_wconf 90' lang='lat' dir='ltr'>Philippi</span> <span class='ocrx_word' id='word_1_30' title='bbox 1116 809 1303 878; x_wconf 89' lang='lat' dir='ltr'>inserviens</span> 
     </span>
     <span class='ocr_line' id='line_1_6' title="bbox 253 909 1305 1007; baseline -0.002 -25"><span class='ocrx_word' id='word_1_31' title='bbox 253 912 428 982; x_wconf 86' lang='lat' dir='ltr'>intestinas</span> <span class='ocrx_word' id='word_1_32' title='bbox 452 910 563 976; x_wconf 83' lang='lat' dir='ltr'>turbas</span> <span class='ocrx_word' id='word_1_33' title='bbox 586 909 760 990; x_wconf 82' lang='lat' dir='ltr'>excitabat,</span> <span class='ocrx_word' id='word_1_34' title='bbox 784 911 921 1003; x_wconf 88' lang='lat' dir='ltr'>eiusque</span> <span class='ocrx_word' id='word_1_35' title='bbox 935 909 1109 979; x_wconf 91' lang='lat' dir='ltr'>commoda</span> <span class='ocrx_word' id='word_1_36' title='bbox 1125 912 1211 979; x_wconf 87' lang='lat' dir='ltr'>elam</span> <span class='ocrx_word' id='word_1_37' title='bbox 1228 916 1305 1007; x_wconf 85' lang='lat' dir='ltr'>agi-</span> 
     </span>
     <span class='ocr_line' id='line_1_7' title="bbox 254 1011 1304 1102; baseline 0 -18"><span class='ocrx_word' id='word_1_38' title='bbox 254 1036 326 1088; x_wconf 82' lang='lat' dir='ltr'>tare</span> <span class='ocrx_word' id='word_1_39' title='bbox 352 1013 549 1097; x_wconf 77' lang='lat' dir='ltr'>conabatur3</span> <span class='ocrx_word' id='word_1_40' title='bbox 578 1011 637 1080; x_wconf 91' lang='lat' dir='ltr'>ille</span> <span class='ocrx_word' id='word_1_41' title='bbox 670 1037 746 1081; x_wconf 89' lang='lat' dir='ltr'>vero</span> <span class='ocrx_word' id='word_1_42' title='bbox 777 1012 820 1080; x_wconf 91' lang='lat' dir='ltr'>ad</span> <span class='ocrx_word' id='word_1_43' title='bbox 853 1013 1038 1102; x_wconf 82' lang='lat' dir='ltr'>adiuvanda</span> <span class='ocrx_word' id='word_1_44' title='bbox 1067 1018 1167 1083; x_wconf 88' lang='lat' dir='ltr'>armis</span> <span class='ocrx_word' id='word_1_45' title='bbox 1196 1020 1304 1084; x_wconf 88' lang='lat' dir='ltr'>etiam</span> 
     </span>
     <span class='ocr_line' id='line_1_8' title="bbox 256 1118 1303 1216; baseline -0.001 -27"><span class='ocrx_word' id='word_1_46' title='bbox 256 1143 373 1189; x_wconf 85' lang='lat' dir='ltr'>eorum</span> <span class='ocrx_word' id='word_1_47' title='bbox 409 1118 548 1185; x_wconf 89' lang='lat' dir='ltr'>consilia</span> <span class='ocrx_word' id='word_1_48' title='bbox 584 1136 761 1211; x_wconf 85' lang='lat' dir='ltr'>promptus</span> <span class='ocrx_word' id='word_1_49' title='bbox 794 1137 995 1212; x_wconf 89' lang='lat' dir='ltr'>paratusque</span> <span class='ocrx_word' id='word_1_50' title='bbox 1033 1119 1156 1216; x_wconf 85' lang='lat' dir='ltr'>aderat.</span> <span class='ocrx_word' id='word_1_51' title='bbox 1213 1122 1303 1188; x_wconf 86' lang='lat' dir='ltr'>Rem</span> 
     </span>
     <span class='ocr_line' id='line_1_9' title="bbox 255 1219 1302 1320; baseline 0.002 -30"><span class='ocrx_word' id='word_1_52' title='bbox 255 1223 405 1320; x_wconf 90' lang='lat' dir='ltr'>quidem,</span> <span class='ocrx_word' id='word_1_53' title='bbox 429 1219 538 1315; x_wconf 87' lang='lat' dir='ltr'>qualis</span> <span class='ocrx_word' id='word_1_54' title='bbox 560 1219 672 1302; x_wconf 86' lang='lat' dir='ltr'>suerit,</span> <span class='ocrx_word' id='word_1_55' title='bbox 695 1223 860 1316; x_wconf 87' lang='lat' dir='ltr'>integram</span> <span class='ocrx_word' id='word_1_56' title='bbox 880 1227 1079 1315; x_wconf 68' lang='lat' dir='ltr'>cognoscere</span> <span class='ocrx_word' id='word_1_57' title='bbox 1101 1225 1302 1318; x_wconf 84' lang='lat' dir='ltr'>nequimus3</span> 
     </span>
     <span class='ocr_line' id='line_1_10' title="bbox 256 1323 1302 1422; baseline -0.001 -24"><span class='ocrx_word' id='word_1_58' title='bbox 256 1344 380 1404; x_wconf 84' lang='lat' dir='ltr'>exstant</span> <span class='ocrx_word' id='word_1_59' title='bbox 402 1345 513 1410; x_wconf 82' lang='lat' dir='ltr'>tamen</span> <span class='ocrx_word' id='word_1_60' title='bbox 544 1323 681 1392; x_wconf 87' lang='lat' dir='ltr'>disiecta</span> <span class='ocrx_word' id='word_1_61' title='bbox 703 1326 760 1392; x_wconf 93' lang='lat' dir='ltr'>hic</span> <span class='ocrx_word' id='word_1_62' title='bbox 782 1325 855 1394; x_wconf 92' lang='lat' dir='ltr'>illic</span> <span class='ocrx_word' id='word_1_63' title='bbox 877 1329 1084 1410; x_wconf 87' lang='lat' dir='ltr'>testimonia,</span> <span class='ocrx_word' id='word_1_64' title='bbox 1114 1353 1221 1422; x_wconf 90' lang='lat' dir='ltr'>eaque</span> <span class='ocrx_word' id='word_1_65' title='bbox 1244 1330 1302 1397; x_wconf 90' lang='lat' dir='ltr'>vel</span> 
     </span>
     <span class='ocr_line' id='line_1_11' title="bbox 254 1429 1302 1528; baseline 0.001 -27"><span class='ocrx_word' id='word_1_66' title='bbox 254 1435 399 1502; x_wconf 83' lang='lat' dir='ltr'>maxime</span> <span class='ocrx_word' id='word_1_67' title='bbox 427 1431 464 1496; x_wconf 90' lang='lat' dir='ltr'>in</span> <span class='ocrx_word' id='word_1_68' title='bbox 486 1429 721 1502; x_wconf 80' lang='lat' dir='ltr'><strong>Demosthenis</strong></span> <span class='ocrx_word' id='word_1_69' title='bbox 744 1453 792 1498; x_wconf 88' lang='lat' dir='ltr'>or.</span> <span class='ocrx_word' id='word_1_70' title='bbox 824 1430 866 1520; x_wconf 85' lang='lat' dir='ltr'>de</span> <span class='ocrx_word' id='word_1_71' title='bbox 888 1457 933 1498; x_wconf 91' lang='lat' dir='ltr'>m.</span> <span class='ocrx_word' id='word_1_72' title='bbox 957 1457 988 1526; x_wconf 90' lang='lat' dir='ltr'>g.</span> <span class='ocrx_word' id='word_1_73' title='bbox 1020 1430 1134 1525; x_wconf 79' lang='lat' dir='ltr'>legat,</span> <span class='ocrx_word' id='word_1_74' title='bbox 1165 1435 1202 1500; x_wconf 88' lang='lat' dir='ltr'>in</span> <span class='ocrx_word' id='word_1_75' title='bbox 1231 1461 1302 1528; x_wconf 86' lang='lat' dir='ltr'>qua</span> 
     </span>
     <span class='ocr_line' id='line_1_12' title="bbox 254 1531 1301 1631; baseline 0.001 -26"><span class='ocrx_word' id='word_1_76' title='bbox 254 1535 405 1629; x_wconf 88' lang='lat' dir='ltr'>Philippi</span> <span class='ocrx_word' id='word_1_77' title='bbox 431 1531 573 1601; x_wconf 82' lang='lat' dir='ltr'>insidiae</span> <span class='ocrx_word' id='word_1_78' title='bbox 603 1533 757 1602; x_wconf 89' lang='lat' dir='ltr'>adversus</span> <span class='ocrx_word' id='word_1_79' title='bbox 788 1535 923 1627; x_wconf 79' lang='lat' dir='ltr'>Megara</span> <span class='ocrx_word' id='word_1_80' title='bbox 956 1540 1084 1631; x_wconf 84' lang='lat' dir='ltr'>saepius</span> <span class='ocrx_word' id='word_1_81' title='bbox 1113 1557 1150 1605; x_wconf 92' lang='lat' dir='ltr'>ut</span> <span class='ocrx_word' id='word_1_82' title='bbox 1179 1563 1301 1606; x_wconf 89' lang='lat' dir='ltr'>recen-</span> 
     </span>
     <span class='ocr_line' id='line_1_13' title="bbox 250 1641 1296 1735; baseline 0.002 -25"><span class='ocrx_word' id='word_1_83' title='bbox 250 1644 379 1710; x_wconf 90' lang='lat' dir='ltr'>tissime</span> <span class='ocrx_word' id='word_1_84' title='bbox 401 1655 543 1706; x_wconf 86' lang='lat' dir='ltr'>tentatae</span> <span class='ocrx_word' id='word_1_85' title='bbox 566 1657 879 1707; x_wconf 89' lang='lat' dir='ltr'>commemorantur.</span> <span class='ocrx_word' id='word_1_86' title='bbox 925 1641 1040 1734; x_wconf 89' lang='lat' dir='ltr'>ltaque</span> <span class='ocrx_word' id='word_1_87' title='bbox 1063 1667 1169 1735; x_wconf 89' lang='lat' dir='ltr'>quum</span> <span class='ocrx_word' id='word_1_88' title='bbox 1191 1646 1296 1712; x_wconf 92' lang='lat' dir='ltr'>oratio</span> 
     </span>
     <span class='ocr_line' id='line_1_14' title="bbox 253 1735 1301 1840; baseline -0.001 -25"><span class='ocrx_word' id='word_1_89' title='bbox 253 1748 336 1815; x_wconf 88' lang='lat' dir='ltr'>haec</span> <span class='ocrx_word' id='word_1_90' title='bbox 360 1743 499 1837; x_wconf 83' lang='lat' dir='ltr'>Olymp.</span> <span class='ocrx_word' id='word_1_91' title='bbox 524 1741 612 1824; x_wconf 87' lang='lat' dir='ltr'>CIX,</span> <span class='ocrx_word' id='word_1_92' title='bbox 636 1735 655 1810; x_wconf 71' lang='lat' dir='ltr'>b</span> <span class='ocrx_word' id='word_1_93' title='bbox 679 1744 791 1811; x_wconf 87' lang='lat' dir='ltr'>habita</span> <span class='ocrx_word' id='word_1_94' title='bbox 813 1743 900 1834; x_wconf 83' lang='lat' dir='ltr'>sit*),</span> <span class='ocrx_word' id='word_1_95' title='bbox 922 1745 1077 1840; x_wconf 92' lang='lat' dir='ltr'>Philippi</span> <span class='ocrx_word' id='word_1_96' title='bbox 1098 1747 1159 1812; x_wconf 87' lang='lat' dir='ltr'>illa</span> <span class='ocrx_word' id='word_1_97' title='bbox 1180 1747 1301 1814; x_wconf 85' lang='lat' dir='ltr'>adver·-</span> 
     </span>
     <span class='ocr_line' id='line_1_15' title="bbox 251 1847 1299 1941; baseline 0.001 -21"><span class='ocrx_word' id='word_1_98' title='bbox 251 1877 307 1920; x_wconf 81' lang='lat' dir='ltr'>sus</span> <span class='ocrx_word' id='word_1_99' title='bbox 330 1850 541 1941; x_wconf 88' lang='lat' dir='ltr'>Megarenses</span> <span class='ocrx_word' id='word_1_100' title='bbox 563 1847 737 1916; x_wconf 86' lang='lat' dir='ltr'>molimina</span> <span class='ocrx_word' id='word_1_101' title='bbox 760 1847 803 1914; x_wconf 89' lang='lat' dir='ltr'>ad</span> <span class='ocrx_word' id='word_1_102' title='bbox 819 1848 876 1916; x_wconf 93' lang='lat' dir='ltr'>Ol.</span> <span class='ocrx_word' id='word_1_103' title='bbox 893 1847 1007 1918; x_wconf 88' lang='lat' dir='ltr'>CVIII</span> <span class='ocrx_word' id='word_1_104' title='bbox 1029 1876 1057 1917; x_wconf 85' lang='lat' dir='ltr'>a.</span> <span class='ocrx_word' id='word_1_105' title='bbox 1080 1851 1103 1938; x_wconf 99' lang='grc'><strong><em>4</em></strong></span> <span class='ocrx_word' id='word_1_106' title='bbox 1124 1871 1181 1920; x_wconf 90' lang='lat' dir='ltr'>aut</span> <span class='ocrx_word' id='word_1_107' title='bbox 1204 1853 1299 1936; x_wconf 84' lang='lat' dir='ltr'>CIX,</span> 
     </span>
     <span class='ocr_line' id='line_1_16' title="bbox 257 1951 1297 2048; baseline 0.001 -24"><span class='ocrx_word' id='word_1_108' title='bbox 257 1981 268 2024; x_wconf 84' lang='lat'><strong>1</strong></span> <span class='ocrx_word' id='word_1_109' title='bbox 297 1951 472 2022; x_wconf 77' lang='lat' dir='ltr'>referenda</span> <span class='ocrx_word' id='word_1_110' title='bbox 495 1976 579 2033; x_wconf 86' lang='lat' dir='ltr'>esse,</span> <span class='ocrx_word' id='word_1_111' title='bbox 610 1952 821 2019; x_wconf 80' lang='lat' dir='ltr'>menifestum</span> <span class='ocrx_word' id='word_1_112' title='bbox 842 1969 899 2019; x_wconf 92' lang='lat' dir='ltr'>est.</span> <span class='ocrx_word' id='word_1_113' title='bbox 945 1952 1002 2022; x_wconf 92' lang='lat' dir='ltr'>Sic</span> <span class='ocrx_word' id='word_1_114' title='bbox 1022 1979 1058 2048; x_wconf 89' lang='lat' dir='ltr'>p.</span> <span class='ocrx_word' id='word_1_115' title='bbox 1080 1956 1145 2043; x_wconf 87' lang='grc'>448</span> <span class='ocrx_word' id='word_1_116' title='bbox 1168 1974 1297 2026; x_wconf 89' lang='lat' dir='ltr'>orator:</span> 
     </span>
     <span class='ocr_line' id='line_1_17' title="bbox 251 2054 1296 2155; baseline 0.002 -28"><span class='ocrx_word' id='word_1_117' title='bbox 251 2062 301 2138; x_wconf 75' lang='grc' dir='ltr'>τίς</span> <span class='ocrx_word' id='word_1_118' title='bbox 322 2059 461 2145; x_wconf 65' lang='grc' dir='ltr'><em>Μέγαρα</em></span> <span class='ocrx_word' id='word_1_119' title='bbox 481 2054 606 2145; x_wconf 82' lang='grc' dir='ltr'><em>πρῴην,</em></span> <span class='ocrx_word' id='word_1_120' title='bbox 631 2056 694 2137; x_wconf 90' lang='lat' dir='ltr'>ait,</span> <span class='ocrx_word' id='word_1_121' title='bbox 717 2055 821 2142; x_wconf 79' lang='grc' dir='ltr'><em>ὀλίγον</em></span> <span class='ocrx_word' id='word_1_122' title='bbox 844 2057 994 2146; x_wconf 75' lang='grc' dir='ltr'><em>ἀλλότρια</em></span> <span class='ocrx_word' id='word_1_123' title='bbox 1014 2064 1172 2148; x_wconf 76' lang='grc' dir='ltr'><em>πεποίηκε,</em></span> <span class='ocrx_word' id='word_1_124' title='bbox 1204 2079 1236 2128; x_wconf 90' lang='lat' dir='ltr'>et</span> <span class='ocrx_word' id='word_1_125' title='bbox 1257 2088 1296 2155; x_wconf 90' lang='lat' dir='ltr'>p.</span> 
     </span>
     <span class='ocr_line' id='line_1_18' title="bbox 252 2157 1299 2253; baseline 0.001 -22"><span class='ocrx_word' id='word_1_126' title='bbox 252 2164 335 2250; x_wconf 69' lang='lat' dir='ltr'>duih:</span> <span class='ocrx_word' id='word_1_127' title='bbox 371 2158 548 2249; x_wconf 76' lang='grc' dir='ltr'><em>ὁρμητήρια</em></span> <span class='ocrx_word' id='word_1_128' title='bbox 570 2160 620 2248; x_wconf 64' lang='grc' dir='ltr'>ἐφ’</span> <span class='ocrx_word' id='word_1_129' title='bbox 639 2157 723 2245; x_wconf 69' lang='lat' dir='ltr'>iptio</span> <span class='ocrx_word' id='word_1_130' title='bbox 744 2161 776 2227; x_wconf 78' lang='lat' dir='ltr'>iv</span> <span class='ocrx_word' id='word_1_131' title='bbox 797 2161 918 2253; x_wconf 75' lang='grc' dir='ltr'><em>Εὐβοίᾳ</em></span> <span class='ocrx_word' id='word_1_132' title='bbox 943 2165 1097 2242; x_wconf 76' lang='grc' dir='ltr'><em>Φίλιππος</em></span> <span class='ocrx_word' id='word_1_133' title='bbox 1117 2191 1299 2252; x_wconf 83' lang='grc' dir='ltr'><em>προςκατο-</em></span> 
     </span>
     <span class='ocr_line' id='line_1_19' title="bbox 251 2264 1337 2356; baseline 0 -19"><span class='ocrx_word' id='word_1_134' title='bbox 251 2266 442 2347; x_wconf 77' lang='grc' dir='ltr'><em>σκευάζεται,</em></span> <span class='ocrx_word' id='word_1_135' title='bbox 474 2267 524 2330; x_wconf 79' lang='grc' dir='ltr'>καὶ</span> <span class='ocrx_word' id='word_1_136' title='bbox 547 2269 707 2356; x_wconf 74' lang='grc' dir='ltr'>Γεραιστῷ</span> <span class='ocrx_word' id='word_1_137' title='bbox 728 2267 779 2332; x_wconf 77' lang='grc' dir='ltr'>καὶ</span> <span class='ocrx_word' id='word_1_138' title='bbox 801 2264 964 2354; x_wconf 76' lang='grc' dir='ltr'>Μεγάροις</span> <span class='ocrx_word' id='word_1_139' title='bbox 990 2267 1194 2352; x_wconf 71' lang='grc' dir='ltr'><strong><em>ἐπιβουλεύων</em></strong></span> <span class='ocrx_word' id='word_1_140' title='bbox 1222 2274 1298 2337; x_wconf 80' lang='grc' dir='ltr'><em>διοι-</em></span> <span class='ocrx_word' id='word_1_141' title='bbox 1336 2323 1337 2349; x_wconf 55' lang='grc'>;</span> 
     </span>
     <span class='ocr_line' id='line_1_20' title="bbox 250 2367 1298 2463; baseline 0.002 -25"><span class='ocrx_word' id='word_1_142' title='bbox 250 2378 341 2439; x_wconf 76' lang='grc' dir='ltr'><em>τελεῖ.</em></span> <span class='ocrx_word' id='word_1_143' title='bbox 386 2369 562 2460; x_wconf 87' lang='lat' dir='ltr'>Occupare</span> <span class='ocrx_word' id='word_1_144' title='bbox 584 2367 780 2463; x_wconf 59' lang='lat' dir='ltr'>Pnsllippum</span> <span class='ocrx_word' id='word_1_145' title='bbox 798 2371 935 2460; x_wconf 86' lang='lat' dir='ltr'>Megara</span> <span class='ocrx_word' id='word_1_146' title='bbox 956 2389 1113 2438; x_wconf 87' lang='lat' dir='ltr'>conatum</span> <span class='ocrx_word' id='word_1_147' title='bbox 1135 2397 1212 2454; x_wconf 90' lang='lat' dir='ltr'>esse,</span> <span class='ocrx_word' id='word_1_148' title='bbox 1233 2399 1298 2439; x_wconf 93' lang='lat' dir='ltr'>ur-</span> 
     </span>
     <span class='ocr_line' id='line_1_21' title="bbox 251 2470 1299 2570; baseline 0.002 -28"><span class='ocrx_word' id='word_1_149' title='bbox 251 2475 355 2568; x_wconf 88' lang='lat' dir='ltr'>bique</span> <span class='ocrx_word' id='word_1_150' title='bbox 384 2470 588 2570; x_wconf 76' lang='lat' dir='ltr'>praesidium</span> <span class='ocrx_word' id='word_1_151' title='bbox 617 2475 793 2566; x_wconf 86' lang='lat' dir='ltr'>imponere</span> <span class='ocrx_word' id='word_1_152' title='bbox 822 2474 1064 2543; x_wconf 86' lang='lat' dir='ltr'>Demosthenes</span> <span class='ocrx_word' id='word_1_153' title='bbox 1087 2477 1169 2566; x_wconf 86' lang='lat' dir='ltr'>locis</span> <span class='ocrx_word' id='word_1_154' title='bbox 1191 2479 1299 2545; x_wconf 88' lang='lat' dir='ltr'>innu-</span> 
     </span>
     <span class='ocr_line' id='line_1_22' title="bbox 250 2576 1297 2674; baseline 0.004 -27"><span class='ocrx_word' id='word_1_155' title='bbox 250 2581 353 2647; x_wconf 88' lang='lat' dir='ltr'>meris</span> <span class='ocrx_word' id='word_1_156' title='bbox 386 2576 500 2646; x_wconf 90' lang='lat' dir='ltr'>doeet:</span> <span class='ocrx_word' id='word_1_157' title='bbox 529 2587 565 2645; x_wconf 78' lang='lat' dir='ltr'>n.</span> <span class='ocrx_word' id='word_1_158' title='bbox 593 2604 732 2666; x_wconf 75' lang='grc' dir='ltr'><em>παρειπρ.</em></span> <span class='ocrx_word' id='word_1_159' title='bbox 755 2605 790 2671; x_wconf 91' lang='lat' dir='ltr'>p.</span> <span class='ocrx_word' id='word_1_160' title='bbox 812 2580 892 2648; x_wconf 84' lang='lat'>368:</span> <span class='ocrx_word' id='word_1_161' title='bbox 908 2667 911 2674; x_wconf 17' lang='lat'><strong>⁴</strong></span> <span class='ocrx_word' id='word_1_162' title='bbox 926 2581 977 2646; x_wconf 85' lang='grc' dir='ltr'>καὶ</span> <span class='ocrx_word' id='word_1_163' title='bbox 1002 2580 1067 2667; x_wconf 80' lang='grc' dir='ltr'>μὴν</span> <span class='ocrx_word' id='word_1_164' title='bbox 1092 2582 1172 2666; x_wconf 75' lang='grc' dir='ltr'>μετὰ</span> <span class='ocrx_word' id='word_1_165' title='bbox 1193 2590 1297 2651; x_wconf 74' lang='grc' dir='ltr'><strong><em>ταῦτα</em></strong></span> 
     </span>
     <span class='ocr_line' id='line_1_23' title="bbox 251 2669 1294 2772; baseline 0.002 -21"><span class='ocrx_word' id='word_1_166' title='bbox 251 2681 358 2760; x_wconf 83' lang='grc' dir='ltr'><strong><em>ὁσάκις</em></strong></span> <span class='ocrx_word' id='word_1_167' title='bbox 378 2680 457 2769; x_wconf 80' lang='grc' dir='ltr'><em>πρὸς</em></span> <span class='ocrx_word' id='word_1_168' title='bbox 477 2685 628 2771; x_wconf 80' lang='grc' dir='ltr'><em>Πορθμῷ</em></span> <span class='ocrx_word' id='word_1_169' title='bbox 648 2682 669 2766; x_wconf 77' lang='grc' dir='ltr'>ἢ</span> <span class='ocrx_word' id='word_1_170' title='bbox 692 2681 773 2770; x_wconf 83' lang='grc' dir='ltr'><em>πρὸς</em></span> <span class='ocrx_word' id='word_1_171' title='bbox 793 2669 957 2769; x_wconf 70' lang='grc' dir='ltr'><em>Μεγάροις</em></span> <span class='ocrx_word' id='word_1_172' title='bbox 977 2683 1140 2764; x_wconf 72' lang='grc' dir='ltr'><em>ἀκούοντες</em></span> <span class='ocrx_word' id='word_1_173' title='bbox 1162 2687 1294 2772; x_wconf 73' lang='grc' dir='ltr'><em>δύναμιν</em></span> 
     </span>
     <span class='ocr_line' id='line_1_24' title="bbox 252 2785 1293 2872; baseline 0.004 -17"><span class='ocrx_word' id='word_1_174' title='bbox 252 2789 411 2856; x_wconf 76' lang='grc' dir='ltr'>Φιλίππου</span> <span class='ocrx_word' id='word_1_175' title='bbox 432 2789 483 2852; x_wconf 74' lang='grc' dir='ltr'>καὶ</span> <span class='ocrx_word' id='word_1_176' title='bbox 506 2787 611 2864; x_wconf 79' lang='grc' dir='ltr'><strong><em>ξένους</em></strong></span> <span class='ocrx_word' id='word_1_177' title='bbox 632 2787 854 2872; x_wconf 74' lang='grc' dir='ltr'>ἐθορυβεῖσθε,</span> <span class='ocrx_word' id='word_1_178' title='bbox 879 2785 992 2866; x_wconf 80' lang='grc' dir='ltr'><em>πάντες</em></span> <span class='ocrx_word' id='word_1_179' title='bbox 1012 2790 1193 2858; x_wconf 75' lang='grc' dir='ltr'><em>ἐπίστασθε.</em></span> <span class='ocrx_word' id='word_1_180' title='bbox 1239 2792 1293 2859; x_wconf 89' lang='lat' dir='ltr'>Cf.</span> 
     </span>
     <span class='ocr_line' id='line_1_25' title="bbox 249 2883 1294 2988; baseline 0.003 -29"><span class='ocrx_word' id='word_1_181' title='bbox 249 2917 285 2988; x_wconf 88' lang='lat' dir='ltr'>p.</span> <span class='ocrx_word' id='word_1_182' title='bbox 319 2883 506 2978; x_wconf 58' lang='grc'>404446,</span> <span class='ocrx_word' id='word_1_183' title='bbox 547 2888 696 2980; x_wconf 85' lang='lat' dir='ltr'>Philipp.</span> <span class='ocrx_word' id='word_1_184' title='bbox 721 2889 791 2971; x_wconf 88' lang='grc' dir='ltr'><strong>ΙΙΙ,</strong></span> <span class='ocrx_word' id='word_1_185' title='bbox 823 2915 858 2982; x_wconf 93' lang='lat' dir='ltr'>p.</span> <span class='ocrx_word' id='word_1_186' title='bbox 886 2892 964 2972; x_wconf 77' lang='lat'><strong>115,</strong></span> <span class='ocrx_word' id='word_1_187' title='bbox 1002 2895 1073 2960; x_wconf 87' lang='lat'>118.</span> <span class='ocrx_word' id='word_1_188' title='bbox 1118 2894 1294 2962; x_wconf 86' lang='lat' dir='ltr'>Rationem</span> 
     </span>
     <span class='ocr_line' id='line_1_26' title="bbox 250 2991 1294 3118; baseline 0.005 -54"><span class='ocrx_word' id='word_1_189' title='bbox 250 3014 373 3078; x_wconf 89' lang='lat' dir='ltr'>autem,</span> <span class='ocrx_word' id='word_1_190' title='bbox 396 3017 464 3088; x_wconf 84' lang='lat' dir='ltr'>qua</span> <span class='ocrx_word' id='word_1_191' title='bbox 486 2991 529 3060; x_wconf 89' lang='lat' dir='ltr'>ad</span> <span class='ocrx_word' id='word_1_192' title='bbox 550 2995 685 3086; x_wconf 86' lang='lat' dir='ltr'>incepta</span> <span class='ocrx_word' id='word_1_193' title='bbox 708 2991 792 3118; x_wconf 66' lang='lat' dir='ltr'>haec</span> <span class='ocrx_word' id='word_1_194' title='bbox 813 2992 1009 3064; x_wconf 85' lang='lat' dir='ltr'>violentiora</span> <span class='ocrx_word' id='word_1_195' title='bbox 1031 3020 1110 3064; x_wconf 89' lang='lat' dir='ltr'>ansa</span> <span class='ocrx_word' id='word_1_196' title='bbox 1131 2998 1294 3093; x_wconf 93' lang='lat' dir='ltr'>Philippo</span> 
     </span>
    </p>
   </div>
   <div class='ocr_carea' id='block_1_3' title="bbox 250 3209 673 3228">
    <p class='ocr_par' dir='ltr' id='par_1_3' title="bbox 250 3209 673 3228">
     <span class='ocr_line' id='line_1_27' title="bbox 250 3209 673 3228; baseline -0.007 0"><span class='ocrx_word' id='word_1_197' title='bbox 250 3209 563 3228; x_wconf 59' lang='lat' dir='ltr'><em>m</em></span> <span class='ocrx_word' id='word_1_198' title='bbox 671 3211 673 3218; x_wconf 91' lang='lat'><strong>¹</strong></span> 
     </span>
    </p>
   </div>
   <div class='ocr_carea' id='block_1_4' title="bbox 292 3362 1296 4056">
    <p class='ocr_par' dir='ltr' id='par_1_4' title="bbox 292 3362 1296 4056">
     <span class='ocr_line' id='line_1_28' title="bbox 292 3362 1296 3451; baseline 0.006 -25"><span class='ocrx_word' id='word_1_199' title='bbox 292 3362 319 3451; x_wconf 79' lang='lat'>*)</span> <span class='ocrx_word' id='word_1_200' title='bbox 341 3365 463 3448; x_wconf 90' lang='lat' dir='ltr'>Semper</span> <span class='ocrx_word' id='word_1_201' title='bbox 473 3386 528 3446; x_wconf 84' lang='lat' dir='ltr'>ego</span> <span class='ocrx_word' id='word_1_202' title='bbox 540 3364 665 3426; x_wconf 88' lang='lat' dir='ltr'>habitam</span> <span class='ocrx_word' id='word_1_203' title='bbox 675 3365 747 3426; x_wconf 88' lang='lat' dir='ltr'>hanc</span> <span class='ocrx_word' id='word_1_204' title='bbox 760 3367 917 3430; x_wconf 89' lang='lat' dir='ltr'>orationem</span> <span class='ocrx_word' id='word_1_205' title='bbox 931 3367 1007 3446; x_wconf 89' lang='lat' dir='ltr'>dico,</span> <span class='ocrx_word' id='word_1_206' title='bbox 1029 3368 1207 3430; x_wconf 81' lang='lat' dir='ltr'>festinantius</span> <span class='ocrx_word' id='word_1_207' title='bbox 1219 3371 1296 3432; x_wconf 93' lang='lat' dir='ltr'>Plu-</span> 
     </span>
     <span class='ocr_line' id='line_1_29' title="bbox 335 3447 1295 3537; baseline 0.005 -23"><span class='ocrx_word' id='word_1_208' title='bbox 335 3453 463 3514; x_wconf 75' lang='lat' dir='ltr'>sarchum</span> <span class='ocrx_word' id='word_1_209' title='bbox 485 3447 650 3534; x_wconf 82' lang='lat' dir='ltr'>(Demostb.</span> <span class='ocrx_word' id='word_1_210' title='bbox 674 3473 699 3512; x_wconf 93' lang='lat' dir='ltr'>c.</span> <span class='ocrx_word' id='word_1_211' title='bbox 726 3454 777 3530; x_wconf 77' lang='lat'>¹5)</span> <span class='ocrx_word' id='word_1_212' title='bbox 798 3456 945 3537; x_wconf 85' lang='lat' dir='ltr'>scripsisse</span> <span class='ocrx_word' id='word_1_213' title='bbox 955 3456 1105 3516; x_wconf 78' lang='lat' dir='ltr'>iudicans:</span> <span class='ocrx_word' id='word_1_214' title='bbox 1129 3449 1146 3516; x_wconf 86' lang='grc' dir='ltr'><em>ὃ</em></span> <span class='ocrx_word' id='word_1_215' title='bbox 1170 3452 1204 3517; x_wconf 76' lang='grc' dir='ltr'>δὲ</span> <span class='ocrx_word' id='word_1_216' title='bbox 1224 3457 1295 3520; x_wconf 84' lang='grc' dir='ltr'><strong>κατ’</strong></span> 
     </span>
     <span class='ocr_line' id='line_1_30' title="bbox 333 3533 1293 3623; baseline 0.005 -22"><span class='ocrx_word' id='word_1_217' title='bbox 333 3533 494 3618; x_wconf 71' lang='grc' dir='ltr'>Αἰσχίνου</span> <span class='ocrx_word' id='word_1_218' title='bbox 518 3539 575 3616; x_wconf 78' lang='grc' dir='ltr'>τῆς</span> <span class='ocrx_word' id='word_1_219' title='bbox 597 3537 860 3621; x_wconf 78' lang='grc' dir='ltr'><em>,παραπρεσβείας</em></span> <span class='ocrx_word' id='word_1_220' title='bbox 866 3587 876 3618; x_wconf 96' lang='grc'><em>,</em></span> <span class='ocrx_word' id='word_1_221' title='bbox 912 3537 1045 3623; x_wconf 76' lang='grc' dir='ltr'><em>ἄδηλον,</em></span> <span class='ocrx_word' id='word_1_222' title='bbox 1081 3542 1108 3604; x_wconf 78' lang='grc' dir='ltr'>εἰ</span> <span class='ocrx_word' id='word_1_223' title='bbox 1143 3540 1293 3607; x_wconf 75' lang='grc' dir='ltr'><em>λέλεκται.</em></span> 
     </span>
     <span class='ocr_line' id='line_1_31' title="bbox 334 3625 1294 3710; baseline 0.004 -22"><span class='ocrx_word' id='word_1_224' title='bbox 334 3629 449 3689; x_wconf 86' lang='lat' dir='ltr'>Etenim</span> <span class='ocrx_word' id='word_1_225' title='bbox 478 3625 587 3686; x_wconf 78' lang='lat' dir='ltr'>habitas</span> <span class='ocrx_word' id='word_1_226' title='bbox 617 3639 685 3686; x_wconf 71' lang='lat' dir='ltr'>csse&#39;</span> <span class='ocrx_word' id='word_1_227' title='bbox 708 3628 850 3688; x_wconf 86' lang='lat' dir='ltr'>orationes</span> <span class='ocrx_word' id='word_1_228' title='bbox 872 3629 963 3710; x_wconf 90' lang='lat' dir='ltr'>ipsius</span> <span class='ocrx_word' id='word_1_229' title='bbox 986 3630 1164 3691; x_wconf 74' lang='lat' dir='ltr'>Aeschineae‘</span> <span class='ocrx_word' id='word_1_230' title='bbox 1183 3634 1294 3692; x_wconf 87' lang='lat' dir='ltr'>oratio-</span> 
     </span>
     <span class='ocr_line' id='line_1_32' title="bbox 334 3713 1292 3798; baseline 0.003 -25"><span class='ocrx_word' id='word_1_231' title='bbox 334 3716 378 3774; x_wconf 90' lang='lat' dir='ltr'>nis</span> <span class='ocrx_word' id='word_1_232' title='bbox 399 3714 512 3774; x_wconf 88' lang='lat' dir='ltr'>initium</span> <span class='ocrx_word' id='word_1_233' title='bbox 532 3727 667 3775; x_wconf 86' lang='lat' dir='ltr'>testatur:</span> <span class='ocrx_word' id='word_1_234' title='bbox 696 3735 728 3795; x_wconf 87' lang='lat' dir='ltr'>p.</span> <span class='ocrx_word' id='word_1_235' title='bbox 753 3719 792 3774; x_wconf 82' lang='lat'>28</span> <span class='ocrx_word' id='word_1_236' title='bbox 816 3715 836 3774; x_wconf 88' lang='lat' dir='ltr'>f.</span> <span class='ocrx_word' id='word_1_237' title='bbox 860 3713 897 3776; x_wconf 74' lang='lat' dir='ltr'>cl.</span> <span class='ocrx_word' id='word_1_238' title='bbox 919 3739 950 3798; x_wconf 95' lang='lat' dir='ltr'>p.</span> <span class='ocrx_word' id='word_1_239' title='bbox 972 3716 1013 3786; x_wconf 82' lang='grc'>48</span> <span class='ocrx_word' id='word_1_240' title='bbox 1038 3717 1058 3776; x_wconf 87' lang='lat' dir='ltr'>f.</span> <span class='ocrx_word' id='word_1_241' title='bbox 1103 3719 1182 3776; x_wconf 87' lang='lat' dir='ltr'>Vera</span> <span class='ocrx_word' id='word_1_242' title='bbox 1213 3719 1292 3778; x_wconf 81' lang='lat' dir='ltr'>baud</span> 
     </span>
     <span class='ocr_line' id='line_1_33' title="bbox 332 3797 1290 3885; baseline 0.001 -23"><span class='ocrx_word' id='word_1_243' title='bbox 332 3800 423 3862; x_wconf 84' lang='lat' dir='ltr'>dubie</span> <span class='ocrx_word' id='word_1_244' title='bbox 445 3797 617 3859; x_wconf 88' lang='lat' dir='ltr'>Idomeneus</span> <span class='ocrx_word' id='word_1_245' title='bbox 638 3801 763 3880; x_wconf 79' lang='lat' dir='ltr'>scriptor</span> <span class='ocrx_word' id='word_1_246' title='bbox 791 3797 895 3862; x_wconf 80' lang='lat' dir='ltr'>refert:</span> <span class='ocrx_word' id='word_1_247' title='bbox 927 3797 1013 3884; x_wconf 75' lang='lat' dir='ltr'>napis</span> <span class='ocrx_word' id='word_1_248' title='bbox 1041 3798 1208 3885; x_wconf 79' lang='grc' dir='ltr'><em>τριάκοντα</em></span> <span class='ocrx_word' id='word_1_249' title='bbox 1228 3799 1290 3884; x_wconf 86' lang='grc' dir='ltr'>μό-</span> 
     </span>
     <span class='ocr_line' id='line_1_34' title="bbox 335 3879 1290 3970; baseline 0.002 -22"><span class='ocrx_word' id='word_1_250' title='bbox 335 3907 392 3958; x_wconf 84' lang='grc' dir='ltr'>νος</span> <span class='ocrx_word' id='word_1_251' title='bbox 413 3879 469 3947; x_wconf 83' lang='grc' dir='ltr'>τὸν</span> <span class='ocrx_word' id='word_1_252' title='bbox 490 3882 644 3966; x_wconf 74' lang='grc' dir='ltr'>Αἰσχίνην</span> <span class='ocrx_word' id='word_1_253' title='bbox 666 3880 837 3968; x_wconf 79' lang='grc' dir='ltr'><em>ἀποφυγεῖν</em></span> <span class='ocrx_word' id='word_1_254' title='bbox 858 3911 904 3970; x_wconf 81' lang='lat' dir='ltr'>ap.</span> <span class='ocrx_word' id='word_1_255' title='bbox 927 3889 1005 3948; x_wconf 88' lang='lat' dir='ltr'>Plut.</span> <span class='ocrx_word' id='word_1_256' title='bbox 1028 3889 1048 3949; x_wconf 91' lang='lat' dir='ltr'>l.</span> <span class='ocrx_word' id='word_1_257' title='bbox 1071 3913 1112 3967; x_wconf 88' lang='lat' dir='ltr'>c.‚</span> <span class='ocrx_word' id='word_1_258' title='bbox 1144 3907 1173 3949; x_wconf 87' lang='lat' dir='ltr'>et</span> <span class='ocrx_word' id='word_1_259' title='bbox 1196 3893 1290 3950; x_wconf 88' lang='lat' dir='ltr'>Pseu.-</span> 
     </span>
     <span class='ocr_line' id='line_1_35' title="bbox 334 3967 1290 4056; baseline 0.004 -24"><span class='ocrx_word' id='word_1_260' title='bbox 334 3973 448 4056; x_wconf 91' lang='lat' dir='ltr'>doplut.</span> <span class='ocrx_word' id='word_1_261' title='bbox 479 3967 542 4032; x_wconf 80' lang='lat' dir='ltr'>Vis.</span> <span class='ocrx_word' id='word_1_262' title='bbox 573 3973 604 4032; x_wconf 92' lang='lat' dir='ltr'>X</span> <span class='ocrx_word' id='word_1_263' title='bbox 638 3995 696 4034; x_wconf 89' lang='lat' dir='ltr'>orr.</span> <span class='ocrx_word' id='word_1_264' title='bbox 726 3975 756 4032; x_wconf 93' lang='lat' dir='ltr'>in</span> <span class='ocrx_word' id='word_1_265' title='bbox 785 3976 904 4050; x_wconf 81' lang='lat' dir='ltr'>Aesch,</span> <span class='ocrx_word' id='word_1_266' title='bbox 945 3974 1056 4036; x_wconf 91' lang='lat' dir='ltr'>Eubuli</span> <span class='ocrx_word' id='word_1_267' title='bbox 1086 3979 1290 4037; x_wconf 87' lang='lat' dir='ltr'>intercessione</span> 
     </span>
    </p>
   </div>
   <div class='ocr_carea' id='block_1_5' title="bbox 333 4047 1292 4215">
    <p class='ocr_par' dir='ltr' id='par_1_5' title="bbox 333 4047 1292 4215">
     <span class='ocr_line' id='line_1_36' title="bbox 335 4047 1292 4215; baseline 0.004 -95"><span class='ocrx_word' id='word_1_268' title='bbox 335 4047 698 4215; x_wconf 46' lang='lat' dir='ltr'>eargsarirfidllemrthunem</span> <span class='ocrx_word' id='word_1_269' title='bbox 731 4060 903 4142; x_wconf 82' lang='lat' dir='ltr'>perdidisse.</span> <span class='ocrx_word' id='word_1_270' title='bbox 962 4062 1010 4122; x_wconf 67' lang='lat' dir='ltr'>CH</span> <span class='ocrx_word' id='word_1_271' title='bbox 1033 4063 1124 4123; x_wconf 81' lang='lat' dir='ltr'>Phot.</span> <span class='ocrx_word' id='word_1_272' title='bbox 1155 4063 1292 4124; x_wconf 88' lang='lat' dir='ltr'>biblioth.</span> 
     </span>
     <span class='ocr_line' id='line_1_37' title="bbox 333 4163 715 4208; baseline -0.005 -1"><span class='ocrx_word' id='word_1_273' title='bbox 333 4169 368 4208; x_wconf 74' lang='lat'>(50</span> <span class='ocrx_word' id='word_1_274' title='bbox 392 4191 398 4204; x_wconf 82' lang='lat'><strong>·</strong></span> <span class='ocrx_word' id='word_1_275' title='bbox 424 4163 442 4204; x_wconf 73' lang='lat'>2</span> <span class='ocrx_word' id='word_1_276' title='bbox 488 4189 495 4204; x_wconf 81' lang='lat'>.</span> <span class='ocrx_word' id='word_1_277' title='bbox 713 4177 715 4179; x_wconf 84' lang='grc'><em>·</em></span> 
     </span>
    </p>
   </div>
   <div class='ocr_carea' id='block_1_6' title="bbox 0 0 1352 4784">
    <p class='ocr_par' dir='ltr' id='par_1_6' title="bbox 0 0 1352 4784">
     <span class='ocr_line' id='line_1_38' title="bbox 0 0 1352 4784; baseline 0 0"><span class='ocrx_word' id='word_1_278' title='bbox 0 0 1352 4784; x_wconf 95' lang='lat' dir='ltr'> </span> 
     </span>
    </p>
   </div>
  </div>
 </body>
</html>
