2740 4774
693 285 850 394 32⁸2..

157 468 159 472 ’
249 475 385 550 prorsus
413 453 611 524 occultanda
640 457 800 524 Aeschini
827 457 946 528 veritas
972 457 1101 532 suerit.¹
1130 457 1177 526 Et
1186 473 1294 552 npote-

251 561 367 628 ratnil
379 561 500 628 inflexa
512 563 649 636 veritate
660 560 843 629 Aeschines
852 577 887 628 et
896 585 1027 652 gravem
1038 563 1238 630 sententiam
1259 581 1293 632 et

248 665 381 752 lenibus
401 665 512 732 verbis
532 666 774 758 pronunciare,
808 664 837 732 si
859 664 999 731 diceret:
1026 661 1131 733 sisois
1155 671 1293 756 Περσῶν

247 768 459 854 βασιλεὺς-
479 775 535 836 νῦν
561 770 598 836 od
626 772 704 856 nsoi'
723 774 780 836 τοῦ
807 765 913 856 κύριος
941 767 1053 856 ἑτέρων
1074 766 1153 837 εἶναι
1175 773 1295 858 διαγω-“

249 877 371 955 rideret,
395 873 461 939 ἀλλ’
483 872 570 940 οὐδὲ
590 875 727 960 περὶτῆς
741 877 798 938 τοῦ
811 871 957 956 σώματος
969 876 1133 960 σωτηρίας.
1176 874 1291 968 Atque
1367 859 1368 880 Χ

248 976 313 1044 hoc
336 976 458 1043 dixisse
484 1000 562 1043 eum
588 979 705 1069 utique
734 975 981 1058 contenderim,
1011 976 1078 1044 nisi
1104 976 1291 1046 Arrianum

249 1083 284 1148 in
309 1079 512 1173 designando
544 1103 580 1146 ex
607 1081 726 1148 Atticis
754 1078 846 1146 fastis
863 1097 1032 1173 ¹tempore
1045 1081 1170 1149 mortui
1192 1082 1289 1150 Darii

248 1183 367 1251 salsum
393 1181 710 1275 negligentioremve
730 1182 840 1250 inisse
873 1185 1090 1264 concesseris,
1122 1201 1178 1254 aut
1198 1209 1291 1254 mor-

249 1308 317 1356 tem
347 1288 443 1354 Darii
470 1287 624 1355 nondum
653 1305 743 1356 certo
773 1305 978 1381 compertam
1005 1288 1147 1356 Athenis
1174 1289 1287 1372 fuisse,

249 1413 286 1460 nt
308 1391 488 1459 Aeschines
508 1390 646 1484 publice
669 1409 797 1459 certum
818 1393 1020 1484 proincerto
1042 1392 1195 1486 proferre
1215 1419 1288 1462 ma-

248 1499 360 1564 luerit.
405 1495 491 1562 Nam
502 1494 679 1563 Aeschinis
700 1496 814 1563 verba:
838 1493 855 1564 ὃ
878 1498 905 1564 δ’
922 1496 1124 1586 mordeor
1145 1499 1207 1578 ἴξω
1228 1505 1287 1587 τῆς

247 1597 363 1686 ἅρκιεε
383 1602 435 1666 καὶ
455 1605 513 1686 τῆς
533 1597 713 1686 εἰκονμένῄς
740 1599 846 1687 ὀλίγον
874 1603 937 1669 δεῖν
962 1599 1065 1687 πάσης
1089 1603 1287 1690 μεθειστήκει

131 1749 134 1755 ι
216 1785 218 1793 Ι
247 1729 316 1776 non
337 1705 423 1771 mihi
443 1704 628 1770 necessario
661 1701 705 1769 ad
727 1703 919 1797 Scythicam
946 1703 1128 1773 Alexandri
1149 1707 1286 1800 expedi-

247 1813 374 1878 tionem
402 1805 577 1880 referenda
607 1806 782 1888 videntur,
818 1831 903 1898 quae
930 1833 1009 1876 sane
1035 1808 1174 1884 demum
1199 1801 1286 1904 ‘post

190 1955 191 1962 ι
247 1916 375 1982 obitu'm
397 1913 491 1978 Darii
513 1929 664 2004 suscepta
686 1929 747 1996 est,
774 1911 834 1978 sed
855 1907 997 2004 possunt
1016 1915 1116 1981 etiam
1139 1914 1182 1981 ad
1205 1915 1285 1982 Ale-

128 2006 142 2023 ”
195 2043 198 2050 ·
245 2018 411 2088 ιειιάειιιιι
432 2017 522 2083 circa
544 2015 703 2107 Caspium
730 2039 821 2083 mare
849 2017 1129 2110 Parthianamque
1150 2043 1283 2088 seman-

246 2140 314 2211 tem
346 2139 509 2213 spectare,
539 2142 605 2213 quo
628 2137 704 2213 post
730 2121 903 2189 victoriam
932 2119 974 2186 ad
1001 2121 1125 2190 Arbela
1153 2141 1186 2192 et
1203 2125 1279 2192 ism

246 2244 320 2294 ante
344 2227 436 2292 Darii
458 2241 600 2292 mortem
620 2243 836 2318 processerat.

333 2328 434 2415 Quod
455 2347 531 2399 utut
551 2347 615 2412 εει,
637 2323 813 2399 Aeschinis
835 2332 1138 2426 Demosthenisqne
1160 2329 1279 2415 deco·

243 2461 327 2504 rona
349 2435 513 2502 orationes
541 2433 679 2529 Olymp.
711 2436 824 2518 CXII,
853 2434 995 2528 dpaulo
1017 2454 1095 2506 ante
1115 2437 1279 2530 Dionysia

244 2540 432 2634 Pythiaque
469 2537 602 2606 habitae
631 2557 723 2624 sunt,
755 2538 1011 2608 Anthesterione
1043 2559 1189 2610 extremo
1221 2559 1281 2610 aut

243 2648 380 2710 ineunte
420 2640 697 2734 Elaphebolione,
731 2641 849 2712 ecdem
882 2645 984 2736 igitur
1012 2653 1179 2737 tempore,
1209 2667 1279 2739 quo

243 2765 318 2816 octo
340 2747 434 2812 annis
462 2744 539 2813 ante
569 2746 751 2815 Aeschines
782 2748 1006 2841 Ctesiphontis
1034 2749 1279 2818 accusationem

242 2851 285 2918 ad
319 2850 513 2918 archontcm
546 2848 719 2917 detulerat
780 2851 898 2944 Neque
940 2851 1128 2945 quidquam
1166 2853 1279 2922 adhue

242 2953 469 3049 quaerendum
491 2971 727 3047 restat,1quam
745 2953 792 3022 de
814 2954 972 3022 diuturna
1000 2955 1060 3024 illa
1081 2956 1150 3025 litis
1172 2959 1279 3030 inter·

239 3060 407 3126 missione.
460 3059 552 3143 Quae
591 3057 746 3152 explicari
782 3058 921 3153 quidem
957 3053 1204 3153 quodammodo
1235 3086 1276 3132 eo
1367 3129 1368 3140 ἶ

202 3179 207 3190 ·
239 3163 387 3256 primum
408 3178 534 3256 potest,
565 3163 657 3256 quod
678 3189 782 3232 ,causa
812 3181 880 3232 tam
907 3165 1047 3256 insignis
1074 3165 1167 3233 haud
1187 3165 1276 3236 leves

240 3283 416 3360 apparatus
444 3266 657 3349 desiderarit,
686 3267 794 3336 donec
823 3268 946 3336 deterri
974 3267 1017 3336 ad
1046 3268 1175 3338 iudices
1189 3295 1277 3365 ,pos-
1367 3291 1368 3320 ι

239 3388 297 3439 εει.
350 3369 492 3442 Gravior
530 3389 641 3440 tamen
677 3375 715 3438 in
750 3374 971 3468 temporibus
992 3372 1183 3466 quaerenda
1216 3393 1276 3458 est,
1367 3391 1368 3416 ³

237 3499 323 3569 qnae
344 3473 530 3543 institutam
552 3499 631 3564 eam·
646 3479 807 3544 continuo
833 3477 1006 3545 subsecuta
1027 3495 1114 3547 sunt.
1158 3479 1278 3546 Postu-

227 3578 315 3648 'lavit
345 3578 598 3672 Ctesiphontem
633 3579 815 3648 Aeschines
854 3597 989 3648 exeunte
1017 3605 1104 3650 anuo
1126 3570 1276 3676 'Olymp.

238 3683 312 3764 CX,
335 3683 367 3752 3.
411 3683 461 3751 Eo
483 3699 633 3776 tempore
655 3734 665 3765 ,
688 3702 745 3754 eut
766 3687 973 3778 insequentis
995 3701 1085 3756 certe
1107 3687 1187 3754 anni
1208 3688 1276 3754 ini-

203 3837 206 3844 ,
237 3789 285 3855 tio
307 3804 507 3856 convocatae
527 3806 606 3856 sunt
635 3788 837 3858 Corinthum
874 3813 893 3876 a
920 3779 1080 3884 Philippo
1114 3789 1276 3860 Graeciae

237 3892 382 3958 civitates
423 3889 467 3958 ad
505 3889 633 3959 bellum
665 3891 819 3962 adversus
854 3894 970 3961 Persas
1011 3893 1275 3974 decernendum.
1304 3968 1308 3974 ,

238 3994 338 4064 Diod.
366 3993 401 4062 S.
430 3995 523 4066 XVI.
551 3999 605 4088 89.
654 3997 793 4092 Olymp.
828 3997 925 4082 CXI,
957 4022 969 4066 ι
1003 3999 1194 4068 subsecutus
1224 4016 1276 4068 est

235 4099 345 4170 obitus
365 4097 526 4208 Phffiffi'
547 4098 798 4170 Alexandrinae
819 4103 857 4170 in
877 4125 982 4188 regno
994 4105 1169 4198 successio,
1190 4103 1274 4176 inde
