2750 4772
507 307 671 422 m..

75 482 161 548 cives
176 475 221 555 And
239 473 370 546 'urbem'
385 473 601 546 muniendam
627 485 808 568 properare
838 475 932 548 iussi
947 477 1029 558 sint,
1059 480 1110 546 sia

73 583 142 651 mul
162 598 272 649 eutem
292 599 444 674 rogatum
466 583 525 662 sit,
556 597 594 650 ut
616 576 722 672 ‘legati
743 579 953 672 pasis'eousa
975 581 1111 674 Philip-2
1136 667 1140 675 ¹

72 711 152 778 pum
169 685 313 754 'adirent
359 685 490 753 Gertius
513 702 562 754 est
582 683 795 766 Aeschinem,
820 685 880 776 qui
906 685 944 760 in
970 683 1104 752 decreto

73 790 191 884 legatus
214 789 359 871 affertur,
380 788 524 881 legatum
548 789 647 856 etiem
670 789 830 858 continuo
855 804 933 880 pust
960 787 1105 862 Chaero-

75 919 173 962 nense
205 893 429 962 infortunium
468 889 663 984 Philippum
693 889 809 962 edisse.
861 893 904 960 V.
924 893 1032 962 sltem.
1062 891 1105 960 de
1209 927 1213 933 ·

78 1022 138 1068 eor.
160 1023 192 1090 p.
215 999 292 1087 3¹9·
336 998 382 1064 At
414 998 451 1064 in
482 995 615 1064 deoieto
638 995 781 1063 insiticio
809 995 910 1088 legati
933 993 1107 1080 celerrime
1189 1050 1191 1054 .

76 1099 266 1195 Philippum
296 1097 389 1168 edire
422 1100 601 1184 iubentur,
629 1100 709 1168 ὅπου
730 1099 770 1168 ἃν
790 1099 867 1168 ὅπα
886 1099 1106 1168 πυνθάνωνται

81 1207 148 1299 [τὸν
168 1205 359 1296 Φίλιππον],
389 1203 482 1298 quod
507 1205 620 1280 minus
649 1203 791 1297 quadret
818 1203 871 1272 ed*
886 1213 1018 1298 'tempus
1041 1203 1108 1273 cle·

76 1311 151 1376 dem
184 1309 452 1393 Chaeronensem
482 1313 701 1402 subsequens,
740 1309 869 1401 quippe
902 1308 996 1401 quod
1028 1309 1113 1376 Pht,

76 1411 185 1506 lippus
208 1431 280 1481 tum
301 1436 408 1507 prope
430 1414 578 1482 Atticum
599 1415 671 1507 ipsu
698 1411 736 1480 i'n
757 1414 893 1482 Boeotia
913 1431 1106 1489 versaretur.

77 1517 218 1586 Maxime
251 1525 367 1586 ‘tumen
407 1529 611 1612 repugnant
631 1536 790 1612 tempora.
842 1517 929 1586 Nam
945 1536 949 1544 ’
968 1517 1106 1612 Olymp.
1154 1561 1166 1582 r

79 1623 148 1705 CX,
167 1625 189 1693 3
211 1647 278 1715 pax
299 1624 459 1692 continuo
483 1621 612 1692 cladem
643 1623 913 1692 Chaeronensem
933 1623 1109 1691 subsecuta

78 1745 134 1809 est,
156 1728 245 1795 diem
267 1729 384 1820 igitun
399 1729 648 1822 Metugitnionis
674 1728 758 1809 Vll,
785 1730 896 1821 its'que
925 1727 1110 1821 compositu

78 1848 126 1899 est
146 1852 202 1902 uut
223 1835 297 1926 ipso
320 1832 429 1900 udbue
450 1825 564 1900 mense
580 1833 831 1924 Metsgitnione‚
853 1849 909 1899 eut
921 1829 1111 1922 insequenti

78 1935 330 2006 Bnedromioue.
374 1938 416 2005 V.
439 1938 536 2006 Dem.
559 1937 607 2004 de‘
624 1961 692 2006 cor.
710 1948 749 2029 Ι).
772 1934 927 2026 3190011.
941 1941 1004 2006 320
1027 1945 1129 2002 extr.-'
1238 1981 1258 1994 ..

79 2039 257 2108 Decretum
286 2058 398 2108 eutem
417 2042 610 2110 ¹insiticium
639 2039 744 2108 lutum
777 2037 826 2112 est
854 2040 1110 2110 Hecatombeeo·

71 2145 127 2226 nis
149 2146 280 2227 ultimo,
302 2147 341 2212 in
363 2169 431 2239 quo
453 2163 617 2214 mutatum
646 2146 770 2212 mensis
799 2167 923 2212 nomen
952 2145 1020 2211 iam
1039 2167 1114 2214 non*
1168 2173 1175 2181 ·

82 2251 351 2333 concesserim*),
380 2252 508 2343 quippe
531 2248 622 2342 quod
643 2250 835 2318 mutationis
862 2250 955 2318 istius
983 2247 1112 2318 nullam
1162 2320 1168 2330 ,

84 2377 211 2421 eausam
233 2353 390 2421 idoneum
410 2353 559 2437 videem3
587 2371 620 2420 et
645 2378 706 2444 pax
735 2377 775 2420 ex
796 2351 927 2426 decreto
950 2351 1009 2422 illo
1031 2377 1115 2440 oon-f

83 2455 209 2526 firmate
229 2463 271 2524 eb
293 2457 551 2524 Atheniensibus
573 2475 622 2524 est
643 2454 791 2526 eiusdem
811 2459 932 2526 mensis
948 2459 1114 2526 nimirum

84 2560 141 2642 XI,
163 2564 291 2658 quippe
311 2563 421 2653 prima
442 2559 561 2655 populi
590 2562 761 2642 concione.
807 2562 900 2645 Quae
928 2575 1035 2654 quum
1066 2563 1114 2630 ite

86 2666 166 2748 siut,
187 2665 413 2756 recedendum
441 2666 579 2735 omnino
608 2682 657 2732 est
686 2690 705 2731 a
731 2688 814 2759 paee
841 2681 919 2757 post
946 2663 1116 2758 proelium

85 2765 314 2843 Chaeronense
336 2772 520 2862 composita
542 2767 585 2838 ud
607 2793 697 2850 eam,
721 2794 821 2862 quem
840 2787 917 2862 post
937 2771 1115 2862 Byzantios

85 2871 238 2942 liberatos
260 2875 381 2942 fectum
413 2899 514 2965 supra
541 2875 813 2956 monstravimus,
844 2875 1114 2967 propositumque
1188 2879 1218 2964 J

87 2981 212 3046 revers
234 2979 276 3046 ub
298 2980 371 3072 ipso
381 2978 662 3073 Philippovfuisse
670 2976 839 3046 Diodorus
862 2971 1007 3045 testetur.
1049 2980 1116 3044 Ea-

88 3105 209 3172 queen
239 3084 372 3150 deoreto
401 3081 462 3150 illo
488 3082 574 3152 secte
602 3085 646 3150 sit
666 3083 788 3152 mensis
821 3081 1115 3150 Hecatombueonis

87 3185 146 3267 XI,
170 3188 308 3280 Olymp.
333 3185 405 3268 CX,
429 3210 460 3269 2,
484 3188 611 3279 quippe
631 3199 708 3279 post
729 3185 870 3254 solutum
883 3186 1033 3278 Byzantii
1056 3188 1116 3256 ob-

89 3288 257 3372 sidionem,
281 3315 382 3383 qusm
402 3286 480 3357 vere
501 3291 680 3384 superioris
702 3290 781 3359 enni
808 3289 950 3359 sulutem
972 3313 1041 3360 esse
1061 3315 1118 3358 su-

89 3417 148 3486 pra
168 3394 351 3464 docuimus.
402 3393 540 3489 Olymp.
571 3395 649 3479 GX,
678 3419 698 3462 n
726 3395 1013 3466 Hecatombaeoue
1038 3396 1117 3468 Phi-

89 3571 394 3592 *uu-nun·—

132 3693 155 3774 *)
176 3699 248 3759 Nun
276 3721 314 3758 ne
340 3699 369 3758 iu
391 3697 480 3758 altero
512 3697 631 3782 quidem
653 3699 770 3762 decreto
803 3695 848 3782 (p.
872 3697 949 3781 238)
972 3698 1009 3760 de
1031 3717 1119 3778 exeu-

173 3785 228 3844 biis
257 3784 394 3845 habendis
423 3805 549 3858 mensem
574 3801 623 3846 sut
651 3785 729 3848 diem
750 3801 889 3848 mutatum
909 3801 1119 3860 nunestatuo3

176 3871 228 3932 sed
248 3873 304 3932 boe
326 3873 409 3932 etism
431 3871 579 3932 decretum
599 3895 656 3934 non
679 3872 711 3932 id
732 3895 794 3934 esse
816 3873 952 3948 arbitror,
976 3871 1056 3956 quod
1078 3875 1122 3938 Iu·

175 3972 235 4016 tum
268 3973 310 4018 est
338 3980 353 4017 s
388 3957 559 4018 Callisthene
598 3959 715 4042 Olymp.
750 3959 859 4036 CVIII,
901 3979 920 4019 2
958 3960 1122 4042 Sciropho-
1170 3953 1175 3967 ”

176 4045 263 4106 nonis
283 4045 411 4122 XXVII,
431 4045 465 4106 id
483 4045 577 4127 quod
591 4068 658 4108 oum
676 4048 775 4130 priore
798 4004 951 4108 deebeto
943 4071 971 4108 ιι)
949 4049 1134 4182 Epilogo„

177 4133 331 4194 accuratius
352 4130 564 4216 perscrutabor.
