2740 4774
101 476 210 538 testes,
235 459 380 526 testari
420 481 454 524 se
486 459 722 527 Demostheni:
751 465 945 546 μαρτυροῦσι
967 460 1140 543 Δημοσθέ-

100 573 160 630 νει·
186 560 245 628 scd
267 559 358 652 quod
381 578 556 642 testantur,
580 561 616 628 id
638 561 875 628 iureiurando
899 547 1141 629 confirmarunt
1170 547 1175 554 ’

99 663 191 756 apud
214 683 398 756 piaetotes:
422 671 471 732 καὶ
495 665 696 749 ἐπωμόσαντο
719 669 766 733 ἐπὶ
789 673 852 732 τῶν
873 673 1070 754 στρατηγῶν,
1104 663 1141 730 id

99 767 194 862 quod
211 766 339 860 aliquot
352 771 446 852 annis
461 788 536 862 post
553 794 684 836 causam
697 769 901 868 Anaxineam
924 769 1044 835 sactum
1071 777 1139 836 esse'

97 897 167 942 non
190 883 321 964 potest3
353 891 451 966 atque
480 885 584 965 qutun
616 875 715 940 etiarn
743 861 812 940 non
846 874 974 938 dictum
1001 877 1058 939 sit:
1087 877 1137 939 καλ

98 975 302 1062 ἓπινμάσαντά
325 1003 415 1059 ποτε,
452 977 532 1044 inde
559 979 652 1042 brevi
682 994 758 1068 post
785 976 970 1042 absolutam
991 975 1138 1042 Anaxini

98 1105 236 1148 causam
256 1098 349 1172 patet
367 1083 593 1148 testimonium
616 1098 648 1147 et
669 1082 740 1146 iure
762 1078 903 1148 iurando
917 1103 1026 1146 coram
1043 1075 1156 1171 prae-⁴

100 1181 493 1267 toribus‘confirmatum
517 1183 614 1251 simul
641 1185 740 1252 etiam
761 1182 881 1250 litteris
908 1184 1139 1276 consignatum
1219 1277 1221 1279 Ι
1283 1207 1286 1214 ·

100 1313 179 1357 esse.
229 1289 336 1370 Quam
359 1289 402 1356 oh
424 1313 496 1354 rem
518 1287 694 1380 probabile
711 1306 769 1370 est,
793 1288 1031 1378 comprehenso
1047 1289 1140 1354 Ana*

100 1395 176 1460 sino
210 1392 432 1485 damnatoque
460 1395 619 1460 continuo
650 1383 908 1459 Demosthenem
938 1391 1140 1458 Aeschinem

101 1497 211 1584 etiam,
234 1514 272 1564 ut
292 1497 418 1588 patriae
441 1495 659 1588 proditorem,
682 1497 725 1562 ad
743 1494 1154 1588 praetoresdenunciasse·

84 1617 133 1668 «οι
155 1617 253 1666 testes
276 1598 433 1682 attulisse,
457 1601 535 1690 qui,
564 1599 689 1667 indicio
712 1602 865 1690 eins'per
887 1603 938 1666 ius
961 1599 1139 1666 iurandum
1180 1595 1181 1598 ¹

101 1703 317 1795 confirmato,
350 1702 442 1796 quod
475 1705 581 1770 testati
613 1727 723 1770 coram
745 1705 1050 1794 praetorihnssint,
1073 1722 1154 1770 sta-¹

101 1809 160 1874 tim
185 1809 285 1876 etiam
309 1807 428 1874 litteris
451 1809 687 1898 consignarint,
710 1826 747 1874 ut
769 1810 892 1876 actioni
914 1808 1139 1875 instituendae

99 1913 284 1978 inserviret.
330 1913 411 1978 Rem
435 1911 563 2002 egregie
586 1911 705 2002 prohat
727 1929 760 1980 et
782 1911 925 1980 illustrat
946 1912 1137 1981 Aeschines.

98 2015 256 2083 Eundem
282 2017 375 2082 enim
410 2015 572 2082 nimirum
604 2015 796 2084 Anaxinum
828 2017 1010 2083 Aeschines
1037 2015 1139 2084 simul

100 2145 207 2210 quum
241 2121 314 2210 ipse
345 2123 512 2214 ιῗςαγμελίρ
542 2121 804 2189 Demosthenem
834 2139 949 2214 petere
976 2123 1139 2189 instituis·
1168 2107 1171 2113 Α

48 2225 55 2232 ”
99 2243 158 2306 set,
182 2225 224 2290 ab
245 2223 309 2291 hoc
338 2225 618 2317 comprehensum
645 2243 678 2294 et
706 2225 748 2292 ad
774 2226 980 2319 supplicium
1001 2216 1139 2292 damna-

100 2347 170 2418 tum
199 2330 307 2422 arguit
326 2327 400 2396 loco
430 2329 496 2395 huo
520 2355 620 2422 qnam
642 2333 785 2415 manime
807 2332 1007 2423 pertinente,
1031 2354 1077 2398 or.
1101 2332 1152 2396 ist.

101 2432 189 2502 Ctes.
213 2459 245 2526 p.
270 2438 310 2502 85
334 2452 427 2500 extr.·:
452 2435 488 2500 σά
510 2435 545 2498 τὲ
568 2441 758 2516 τελευταῖον,
787 2428 1037 2522 τῖσαγγέλλεσθαι
1062 2435 1140 2518 μάλ·
1180 2468 1184 2476 ,

100 2543 162 2603 λων
183 2534 234 2602 ὑπ’
257 2541 332 2623 ἐμοῦ
355 2537 412 2622 τὴν
428 2537 587 2615 Ἀναξίνου
615 2539 769 2624 σύλληψιν
794 2545 850 2604 τοῦ
869 2538 1016 2626 Ὠρειτοῦ
1048 2555 1139 2604 κατε-

102 2641 270 2723 σκεύασας,
313 2648 369 2708 τοῦ
400 2641 440 2706 τά
470 2641 675 2728 ἀγοράσματα
703 2641 892 2726 Ὀλυμπιάδι
922 2641 1138 2730 ἀγοράζοντος,

101 2747 152 2810 καὶ
174 2745 230 2811 τὸν
250 2739 347 2812 ἀὐτὸν
368 2745 468 2834 άνιλρα
494 2748 737 2834 διεστρέβλιιισας
758 2752 797 2833 τῇ
820 2752 936 2812 σαυτοῦ
960 2747 1041 2832 χειρὶ
1062 2744 1141 2832 γρά·
1184 2811 1190 2822 ,

102 2867 169 2932 ψας
191 2849 321 2938 θανάτῳ
345 2853 509 2938 ζημιῶσαι,
544 2853 593 2916 καὶ
616 2850 703 2938 παρά
730 2856 775 2940 τῷ
798 2850 882 2941 αὐτῷ
904 2853 937 2916 ἐν
953 2849 1054 2940 Ὠρεῷ
1082 2876 1141 2916 κα-

103 2952 198 3040 τήγου
220 2956 269 3020 καὶ
292 2953 352 3020 ἀπὸ
376 2960 432 3038 τῆς
458 2954 555 3038 αὐτῆς
583 2957 737 3040 τραπέζης
764 2954 875 3041 ἔφαγες
903 2957 953 3020 καὶ
982 2953 1063 3029 ἴπιες
1089 2955 1141 3020 καλ

103 3057 246 3134 ἔσπεισας
267 3060 315 3124 καλ
338 3057 395 3142 τὴν
418 3058 519 3135 δεξιὰν
548 3059 705 3139 ἐνέβαλες,
739 3056 840 3144 άνιλρα
870 3060 961 3145 φίλον
981 3059 1031 3124 καὶ
1054 3059 1141 3135 ξένον

102 3160 293 3245 ποιούμενος.
327 3164 389 3226 καὶ·
408 3168 520 3228 τοῦτον
552 3162 770 3257 ἀπέκτεινας,
781 3163 832 3226 καὶ
867 3163 935 3247 περὶ
968 3158 1081 3228 τοάτον
1108 3164 1141 3230 ἐν
1202 3190 1203 3199 ’

102 3263 218 3332 ἅπασιν
245 3265 425 3394 Ἀθηναίοις
446 3261 677 3434 ἓξελιγχθέεὶς“
661 3266 712 3330 ιιπ’
739 3263 815 3349 ἐμοῦ
835 3265 886 3330 καὶ
907 3267 1140 3396 νληθιὶςηξενσ-

103 3367 211 3446 κτάνος
233 3395 269 3464 ον
291 3371 326 3434 τὸ
349 3369 536 3453 ἀσέβημ’
519 3395 578 3454 ηρν
579 3369 649 3449 ἔσω,
674 3367 739 3434 ἀλλ’
761 3367 963 3463 απεκρίνιιν,’
951 3368 1037 3460 σφ’
1021 3361 1047 3436 ὦ
1069 3369 1140 3436 aire-

103 3470 255 3558 βάησενι
240 3499 256 3538 ο
280 3477 378 3559 δῆμος
398 3473 489 3538 aoi‘'
471 3497 537 3540 οσοι
560 3474 638 3550 ξένοι
661 3473 920 3558 περιέστασαν
885 3500 944 3540 τνν
965 3473 1139 3558 ἔιικλησάαν

105 3576 231 3663 ἔφησθα
252 3603 312 3664 γαρ
334 3577 407 3654 τοὺς
428 3583 484 3662 τῆς
505 3577 621 3654 πόλεως
647 3576 725 3654 ἅλοις
752 3580 820 3664 πιρλ
847 3579 987 3654 πλείονος
1007 3575 1141 3662 ποιὴσα

105 3687 183 3748 σθαι
205 3688 261 3764 τῆς
283 3686 398 3767 ξενικῆς
418 3682 578 3768 τραπέζης.
623 3680 712 3768 Haec
734 3681 914 3748 Aeschines
936 3698 1051 3750 contra
1073 3681 1141 3747 De·
1192 3711 1194 3716 ·

106 3785 312 3852 mosthenem
335 3784 638 3893 exprobrantem'
611 3809 656 3864 ei,
688 3785 781 3875 quod
804 3803 892 3852 tanto
914 3802 990 3874 post
1012 3782 1140 3851 cladem

107 3905 255 4006 tempore
278 3892 315 3954 in
337 3913 379 3956 se
393 3889 579 3970 invehatur,
600 3906 672 3954 tum
693 3889 845 3956 resistere
867 3887 932 3954 sibi
953 3905 985 3955 et
999 3887 1140 3956 meliora
1198 3887 1202 3980 J

105 3993 154 4056 rei
176 3985 329 4084 publicae
359 3989 536 4058 suadere
526 3993 758 4073 intermiserit,
786 3993 846 4058 uhi
873 3993 1010 4059 retineri
1032 3993 1139 4060 adhuc

106 4113 250 4182 poterat,
281 4098 308 4164 si
338 4097 422 4188 quid
450 4095 736 4166 administratione
769 4119 827 4162 sua
849 4096 972 4163 civitas
1009 4113 1142 4188 caperet

705 4241 712 4276 η
724 4245 726 4251 .
