<?xml version="1.0" encoding="UTF-8"?>
<!DOCTYPE html PUBLIC "-//W3C//DTD XHTML 1.0 Transitional//EN"
    "http://www.w3.org/TR/xhtml1/DTD/xhtml1-transitional.dtd">
<html xmlns="http://www.w3.org/1999/xhtml" xml:lang="en" lang="en">
 <head>
  <title>
</title>
<meta http-equiv="Content-Type" content="text/html;charset=utf-8" />
  <meta name='ocr-system' content='tesseract 3.04.00' />
  <meta name='ocr-capabilities' content='ocr_page ocr_carea ocr_par ocr_line ocrx_word'/>
</head>
<body>
  <div class='ocr_page' id='page_1' title='image "./francisciwiniew00winigoog_0336.png"; bbox 0 0 2740 4774; ppageno 0'>
   <div class='ocr_carea' id='block_1_1' title="bbox 591 302 655 372">
    <p class='ocr_par' dir='ltr' id='par_1_1' title="bbox 591 302 655 372">
     <span class='ocr_line' id='line_1_1' title="bbox 591 302 655 372; baseline 0.031 -2"><span class='ocrx_word' id='word_1_1' title='bbox 591 302 655 372; x_wconf 73' lang='lat' dir='ltr'><strong>stt</strong></span> 
     </span>
    </p>
   </div>
   <div class='ocr_carea' id='block_1_2' title="bbox 0 459 1141 880">
    <p class='ocr_par' dir='ltr' id='par_1_2' title="bbox 0 459 1141 880">
     <span class='ocr_line' id='line_1_2' title="bbox 95 459 1141 594; baseline 0.009 -57.026"><span class='ocrx_word' id='word_1_2' title='bbox 95 485 140 538; x_wconf 80' lang='lat' dir='ltr'><strong>&#39;ex</strong></span> <span class='ocrx_word' id='word_1_3' title='bbox 162 470 367 564; x_wconf 76' lang='lat' dir='ltr'><strong>grammatici</strong></span> <span class='ocrx_word' id='word_1_4' title='bbox 354 459 529 538; x_wconf 73' lang='lat' dir='ltr'><strong>alicuius</strong></span> <span class='ocrx_word' id='word_1_5' title='bbox 551 490 608 540; x_wconf 84' lang='lat' dir='ltr'><strong>aut</strong></span> <span class='ocrx_word' id='word_1_6' title='bbox 628 473 809 565; x_wconf 73' lang='lat' dir='ltr'><strong>rhetoris·</strong></span> <span class='ocrx_word' id='word_1_7' title='bbox 798 475 934 594; x_wconf 76' lang='lat' dir='ltr'><strong>ingeniq</strong></span> <span class='ocrx_word' id='word_1_8' title='bbox 957 473 1058 542; x_wconf 83' lang='lat' dir='ltr'><strong>fluere</strong></span> <span class='ocrx_word' id='word_1_9' title='bbox 1080 501 1141 569; x_wconf 88' lang='lat' dir='ltr'><strong>po-</strong></span> 
     </span>
     <span class='ocr_line' id='line_1_3' title="bbox 100 563 1141 670; baseline 0.006 -28"><span class='ocrx_word' id='word_1_10' title='bbox 100 575 220 657; x_wconf 88' lang='lat' dir='ltr'><strong>tuisse,</strong></span> <span class='ocrx_word' id='word_1_11' title='bbox 252 563 312 640; x_wconf 87' lang='lat' dir='ltr'><strong>sed</strong></span> <span class='ocrx_word' id='word_1_12' title='bbox 331 577 470 643; x_wconf 85' lang='lat' dir='ltr'><strong>omnino</strong></span> <span class='ocrx_word' id='word_1_13' title='bbox 500 599 537 642; x_wconf 87' lang='lat' dir='ltr'><strong>ea</strong></span> <span class='ocrx_word' id='word_1_14' title='bbox 559 578 705 670; x_wconf 74' lang='lat' dir='ltr'><strong>antiquis</strong></span> <span class='ocrx_word' id='word_1_15' title='bbox 726 577 950 647; x_wconf 77' lang='lat' dir='ltr'><strong>monumentis</strong></span> <span class='ocrx_word' id='word_1_16' title='bbox 971 580 1036 646; x_wconf 88' lang='lat' dir='ltr'><strong>niti</strong></span> <span class='ocrx_word' id='word_1_17' title='bbox 1059 605 1141 648; x_wconf 84' lang='grc' dir='ltr'><strong>οοιι</strong></span> 
     </span>
     <span class='ocr_line' id='line_1_4' title="bbox 0 675 1140 777; baseline 0.007 -32"><span class='ocrx_word' id='word_1_18' title='bbox 0 699 1 710; x_wconf 70' lang='grc'>’</span> <span class='ocrx_word' id='word_1_19' title='bbox 99 675 207 746; x_wconf 82' lang='lat' dir='ltr'><strong>cedas</strong></span> <span class='ocrx_word' id='word_1_20' title='bbox 221 701 353 745; x_wconf 87' lang='lat' dir='ltr'><strong>neeesse</strong></span> <span class='ocrx_word' id='word_1_21' title='bbox 376 682 428 747; x_wconf 89' lang='lat' dir='ltr'><strong>sit.</strong></span> <span class='ocrx_word' id='word_1_22' title='bbox 471 679 529 746; x_wconf 87' lang='lat' dir='ltr'><strong>Ad</strong></span> <span class='ocrx_word' id='word_1_23' title='bbox 557 680 650 773; x_wconf 90' lang='lat' dir='ltr'><strong>quod</strong></span> <span class='ocrx_word' id='word_1_24' title='bbox 678 681 946 748; x_wconf 83' lang='lat' dir='ltr'><strong>confirmandum</strong></span> <span class='ocrx_word' id='word_1_25' title='bbox 974 681 1058 750; x_wconf 86' lang='lat' dir='ltr'><strong>vel</strong></span> <span class='ocrx_word' id='word_1_26' title='bbox 1048 710 1140 777; x_wconf 79' lang='lat' dir='ltr'><strong>rpsae</strong></span> 
     </span>
     <span class='ocr_line' id='line_1_5' title="bbox 1 782 1140 880; baseline 0.004 -29"><span class='ocrx_word' id='word_1_27' title='bbox 1 802 3 821; x_wconf 86' lang='lat'><strong>¹</strong></span> <span class='ocrx_word' id='word_1_28' title='bbox 94 783 211 852; x_wconf 78' lang='lat' dir='ltr'><strong>valent</strong></span> <span class='ocrx_word' id='word_1_29' title='bbox 242 782 498 876; x_wconf 80' lang='lat' dir='ltr'><strong>discrepantiae,</strong></span> <span class='ocrx_word' id='word_1_30' title='bbox 541 785 679 878; x_wconf 72' lang='lat' dir='ltr'><strong>quihus⁴</strong></span> <span class='ocrx_word' id='word_1_31' title='bbox 696 786 1140 880; x_wconf 48' lang='lat' dir='ltr'><strong>monumentaslahorantf)</strong></span> 
     </span>
    </p>
   </div>
   <div class='ocr_carea' id='block_1_3' title="bbox 97 999 409 1021">
    <p class='ocr_par' dir='ltr' id='par_1_3' title="bbox 97 999 409 1021">
     <span class='ocr_line' id='line_1_6' title="bbox 97 999 409 1021; baseline 0 -4"><span class='ocrx_word' id='word_1_32' title='bbox 97 999 409 1021; x_wconf 53' lang='lat' dir='ltr'><strong>mut-.-</strong></span> 
     </span>
    </p>
   </div>
   <div class='ocr_carea' id='block_1_4' title="bbox 0 1119 1233 3914">
    <p class='ocr_par' dir='ltr' id='par_1_4' title="bbox 184 1119 1136 1204">
     <span class='ocr_line' id='line_1_7' title="bbox 184 1119 1136 1204; baseline 0.006 -24"><span class='ocrx_word' id='word_1_33' title='bbox 184 1119 221 1180; x_wconf 89' lang='lat' dir='ltr'><strong>ab</strong></span> <span class='ocrx_word' id='word_1_34' title='bbox 253 1145 288 1180; x_wconf 87' lang='lat' dir='ltr'><strong>eo</strong></span> <span class='ocrx_word' id='word_1_35' title='bbox 319 1121 464 1183; x_wconf 88' lang='lat' dir='ltr'><strong>diversum</strong></span> <span class='ocrx_word' id='word_1_36' title='bbox 486 1142 565 1197; x_wconf 87' lang='lat' dir='ltr'><strong>esse,</strong></span> <span class='ocrx_word' id='word_1_37' title='bbox 601 1119 684 1204; x_wconf 85' lang='lat' dir='ltr'><strong>quod</strong></span> <span class='ocrx_word' id='word_1_38' title='bbox 713 1123 801 1183; x_wconf 85' lang='lat' dir='ltr'><strong>latum</strong></span> <span class='ocrx_word' id='word_1_39' title='bbox 829 1145 844 1182; x_wconf 86' lang='lat' dir='ltr'><strong>a</strong></span> <span class='ocrx_word' id='word_1_40' title='bbox 871 1125 1064 1185; x_wconf 81' lang='lat' dir='ltr'><strong>Demosthene</strong></span> <span class='ocrx_word' id='word_1_41' title='bbox 1093 1141 1136 1186; x_wconf 87' lang='lat' dir='ltr'><strong>est</strong></span> 
     </span>
    </p>

    <p class='ocr_par' dir='ltr' id='par_1_5' title="bbox 68 1187 1135 1297">
     <span class='ocr_line' id='line_1_8' title="bbox 68 1187 1135 1297; baseline 0.007 -30"><span class='ocrx_word' id='word_1_42' title='bbox 68 1203 73 1210; x_wconf 71' lang='grc'>’</span> <span class='ocrx_word' id='word_1_43' title='bbox 184 1207 240 1268; x_wconf 90' lang='lat' dir='ltr'><strong>Ol</strong></span> <span class='ocrx_word' id='word_1_44' title='bbox 256 1208 367 1286; x_wconf 81' lang='lat' dir='ltr'>CVIII,</span> <span class='ocrx_word' id='word_1_45' title='bbox 399 1187 638 1297; x_wconf 83' lang='lat' dir='ltr'><strong>2Munychiorie</strong></span> <span class='ocrx_word' id='word_1_46' title='bbox 659 1207 700 1268; x_wconf 93' lang='lat' dir='ltr'><strong>III</strong></span> <span class='ocrx_word' id='word_1_47' title='bbox 727 1209 773 1270; x_wconf 83' lang='lat' dir='ltr'><strong>dc</strong></span> <span class='ocrx_word' id='word_1_48' title='bbox 787 1210 950 1272; x_wconf 80' lang='lat' dir='ltr'><strong>maturanda</strong></span> <span class='ocrx_word' id='word_1_49' title='bbox 976 1213 1135 1294; x_wconf 83' lang='lat' dir='ltr'><strong>legatorum</strong></span> 
     </span>
    </p>

    <p class='ocr_par' dir='ltr' id='par_1_6' title="bbox 158 1255 1134 1462">
     <span class='ocr_line' id='line_1_9' title="bbox 158 1255 373 1379; baseline -0.006 -23.872"><span class='ocrx_word' id='word_1_50' title='bbox 158 1255 373 1379; x_wconf 65' lang='lat' dir='ltr'><strong>proiectionei</strong></span> 
     </span>
     <span class='ocr_line' id='line_1_10' title="bbox 225 1380 1134 1467; baseline 0.004 -23"><span class='ocrx_word' id='word_1_51' title='bbox 225 1381 306 1444; x_wconf 87' lang='lat' dir='ltr'>Idem</span> <span class='ocrx_word' id='word_1_52' title='bbox 339 1380 518 1445; x_wconf 82' lang='lat' dir='ltr'><strong>Callisthenis</strong></span> <span class='ocrx_word' id='word_1_53' title='bbox 546 1380 694 1446; x_wconf 85' lang='lat' dir='ltr'><strong>decretum</strong></span> <span class='ocrx_word' id='word_1_54' title='bbox 732 1383 781 1460; x_wconf 89' lang='lat' dir='ltr'><strong>(de</strong></span> <span class='ocrx_word' id='word_1_55' title='bbox 816 1405 930 1467; x_wconf 70' lang='lat' dir='ltr'><strong>coep</strong></span> <span class='ocrx_word' id='word_1_56' title='bbox 933 1387 1047 1462; x_wconf 83' lang='lat'><strong>.238)</strong></span> <span class='ocrx_word' id='word_1_57' title='bbox 1077 1396 1134 1448; x_wconf 89' lang='lat' dir='ltr'><strong>no&#39;n</strong></span> 
     </span>
    </p>

    <p class='ocr_par' dir='ltr' id='par_1_7' title="bbox 78 1408 1134 1570">
     <span class='ocr_line' id='line_1_11' title="bbox 78 1408 1134 1570; baseline 0.005 -45"><span class='ocrx_word' id='word_1_58' title='bbox 78 1528 80 1532; x_wconf 66' lang='lat'>,</span> <span class='ocrx_word' id='word_1_59' title='bbox 183 1467 326 1530; x_wconf 88' lang='lat' dir='ltr'><strong>diversum</strong></span> <span class='ocrx_word' id='word_1_60' title='bbox 356 1471 493 1530; x_wconf 80' lang='lat' dir='ltr'><strong>existimat</strong></span> <span class='ocrx_word' id='word_1_61' title='bbox 522 1467 558 1530; x_wconf 88' lang='lat' dir='ltr'><strong>ab</strong></span> <span class='ocrx_word' id='word_1_62' title='bbox 580 1470 645 1570; x_wconf 77' lang='lat' dir='ltr'><strong>illo,</strong></span> <span class='ocrx_word' id='word_1_63' title='bbox 678 1469 761 1553; x_wconf 90' lang='lat' dir='ltr'><strong>quod</strong></span> <span class='ocrx_word' id='word_1_64' title='bbox 782 1471 870 1530; x_wconf 89' lang='lat' dir='ltr'><strong>latum</strong></span> <span class='ocrx_word' id='word_1_65' title='bbox 892 1408 934 1531; x_wconf 74' lang='lat' dir='ltr'><strong>espt</strong></span> <span class='ocrx_word' id='word_1_66' title='bbox 957 1471 1004 1532; x_wconf 89' lang='grc'><strong>01</strong></span> <span class='ocrx_word' id='word_1_67' title='bbox 1029 1471 1134 1550; x_wconf 84' lang='lat' dir='ltr'>CVIII,</span> 
     </span>
    </p>

    <p class='ocr_par' dir='ltr' id='par_1_8' title="bbox 181 1555 1133 1727">
     <span class='ocr_line' id='line_1_12' title="bbox 182 1555 1133 1660; baseline 0.004 -45"><span class='ocrx_word' id='word_1_68' title='bbox 182 1577 200 1615; x_wconf 84' lang='lat'>2</span> <span class='ocrx_word' id='word_1_69' title='bbox 226 1555 391 1656; x_wconf 83' lang='lat' dir='ltr'><strong>Scirophor.</strong></span> <span class='ocrx_word' id='word_1_70' title='bbox 414 1555 542 1633; x_wconf 89' lang='lat' dir='ltr'>XXVII,</span> <span class='ocrx_word' id='word_1_71' title='bbox 564 1557 618 1616; x_wconf 86' lang='lat' dir='ltr'><strong>nisi</strong></span> <span class='ocrx_word' id='word_1_72' title='bbox 641 1555 723 1640; x_wconf 92' lang='lat' dir='ltr'><strong>quod</strong></span> <span class='ocrx_word' id='word_1_73' title='bbox 745 1559 793 1616; x_wconf 88' lang='lat' dir='ltr'><strong>hie</strong></span> <span class='ocrx_word' id='word_1_74' title='bbox 813 1557 896 1616; x_wconf 88' lang='lat' dir='ltr'><strong>etiam</strong></span> <span class='ocrx_word' id='word_1_75' title='bbox 914 1559 996 1618; x_wconf 88' lang='lat' dir='ltr'><strong>fictus</strong></span> <span class='ocrx_word' id='word_1_76' title='bbox 1018 1560 1133 1660; x_wconf 86' lang='lat' dir='ltr'><strong>archon,</strong></span> 
     </span>
     <span class='ocr_line' id='line_1_13' title="bbox 181 1641 1133 1746; baseline 0.003 -46"><span class='ocrx_word' id='word_1_77' title='bbox 181 1641 264 1700; x_wconf 82' lang='lat' dir='ltr'><strong>fictus</strong></span> <span class='ocrx_word' id='word_1_78' title='bbox 287 1644 370 1704; x_wconf 89' lang='lat' dir='ltr'><strong>etiam</strong></span> <span class='ocrx_word' id='word_1_79' title='bbox 392 1645 495 1702; x_wconf 86' lang='lat' dir='ltr'><strong>mensis</strong></span> <span class='ocrx_word' id='word_1_80' title='bbox 517 1659 545 1702; x_wconf 88' lang='lat' dir='ltr'><strong>et</strong></span> <span class='ocrx_word' id='word_1_81' title='bbox 568 1642 629 1702; x_wconf 89' lang='lat' dir='ltr'><strong>dies</strong></span> <span class='ocrx_word' id='word_1_82' title='bbox 662 1641 698 1701; x_wconf 88' lang='lat' dir='ltr'><strong>ab</strong></span> <span class='ocrx_word' id='word_1_83' title='bbox 727 1642 969 1746; x_wconf 86' lang='lat' dir='ltr'><strong>interpolatore</strong></span> <span class='ocrx_word' id='word_1_84' title='bbox 962 1647 1133 1727; x_wconf 83' lang='lat' dir='ltr'><strong>praescripti</strong></span> 
     </span>
    </p>

    <p class='ocr_par' dir='ltr' id='par_1_9' title="bbox 86 1724 1222 1811">
     <span class='ocr_line' id='line_1_14' title="bbox 86 1724 1222 1811; baseline 0.004 -25"><span class='ocrx_word' id='word_1_85' title='bbox 86 1751 92 1760; x_wconf 89' lang='lat'><strong>·</strong></span> <span class='ocrx_word' id='word_1_86' title='bbox 180 1730 244 1787; x_wconf 89' lang='lat' dir='ltr'><strong>sint.</strong></span> <span class='ocrx_word' id='word_1_87' title='bbox 292 1730 408 1811; x_wconf 85' lang='lat' dir='ltr'><strong>Nempe</strong></span> <span class='ocrx_word' id='word_1_88' title='bbox 428 1730 566 1790; x_wconf 88' lang='lat' dir='ltr'><strong>Heraclea</strong></span> <span class='ocrx_word' id='word_1_89' title='bbox 596 1730 673 1789; x_wconf 86' lang='lat' dir='ltr'><strong>intra</strong></span> <span class='ocrx_word' id='word_1_90' title='bbox 694 1732 806 1789; x_wconf 88' lang='lat' dir='ltr'><strong>moenia</strong></span> <span class='ocrx_word' id='word_1_91' title='bbox 841 1734 900 1811; x_wconf 84' lang='lat' dir='ltr'><strong>agi,</strong></span> <span class='ocrx_word' id='word_1_92' title='bbox 930 1751 1004 1790; x_wconf 85' lang='lat' dir='ltr'><strong>non</strong></span> <span class='ocrx_word' id='word_1_93' title='bbox 1021 1724 1130 1790; x_wconf 85' lang='lat' dir='ltr'><strong>eodem</strong></span> <span class='ocrx_word' id='word_1_94' title='bbox 1221 1735 1222 1740; x_wconf 74' lang='grc'>’</span> 
     </span>
    </p>

    <p class='ocr_par' dir='ltr' id='par_1_10' title="bbox 89 1815 1130 2156">
     <span class='ocr_line' id='line_1_15' title="bbox 89 1815 1130 1910; baseline 0.003 -36"><span class='ocrx_word' id='word_1_95' title='bbox 89 1843 93 1849; x_wconf 92' lang='grc'><strong><em>·</em></strong></span> <span class='ocrx_word' id='word_1_96' title='bbox 181 1815 396 1877; x_wconf 84' lang='lat' dir='ltr'><strong>Callisthenis</strong></span> <span class='ocrx_word' id='word_1_97' title='bbox 387 1839 495 1878; x_wconf 82' lang='lat' dir='ltr'><strong>russum</strong></span> <span class='ocrx_word' id='word_1_98' title='bbox 523 1838 599 1878; x_wconf 87' lang='lat' dir='ltr'><strong>esse</strong></span> <span class='ocrx_word' id='word_1_99' title='bbox 615 1815 750 1893; x_wconf 85' lang='lat' dir='ltr'><strong>decreto,</strong></span> <span class='ocrx_word' id='word_1_100' title='bbox 779 1816 833 1876; x_wconf 86' lang='lat' dir='ltr'><strong>sed</strong></span> <span class='ocrx_word' id='word_1_101' title='bbox 853 1818 1022 1910; x_wconf 84' lang='lat' dir='ltr'><strong>Diophanti,</strong></span> <span class='ocrx_word' id='word_1_102' title='bbox 1039 1815 1130 1900; x_wconf 89' lang='lat' dir='ltr'><strong>quod</strong></span> 
     </span>
     <span class='ocr_line' id='line_1_16' title="bbox 183 1903 1129 1988; baseline 0.002 -26"><span class='ocrx_word' id='word_1_103' title='bbox 183 1903 266 1963; x_wconf 85' lang='lat' dir='ltr'><strong>simul</strong></span> <span class='ocrx_word' id='word_1_104' title='bbox 294 1925 360 1980; x_wconf 83' lang='lat' dir='ltr'><strong>cum</strong></span> <span class='ocrx_word' id='word_1_105' title='bbox 389 1904 438 1964; x_wconf 89' lang='lat' dir='ltr'><strong>illo</strong></span> <span class='ocrx_word' id='word_1_106' title='bbox 468 1918 605 1962; x_wconf 85' lang='lat' dir='ltr'><strong>memorat</strong></span> <span class='ocrx_word' id='word_1_107' title='bbox 631 1904 839 1966; x_wconf 84' lang='lat' dir='ltr'><strong>Demosthenes</strong></span> <span class='ocrx_word' id='word_1_108' title='bbox 867 1925 902 1965; x_wconf 86' lang='grc' dir='ltr'><strong>π.</strong></span> <span class='ocrx_word' id='word_1_109' title='bbox 931 1923 1069 1988; x_wconf 82' lang='grc' dir='ltr'><strong>παραπρ</strong></span> <span class='ocrx_word' id='word_1_110' title='bbox 1098 1927 1129 1986; x_wconf 87' lang='lat' dir='ltr'><strong>p.</strong></span> 
     </span>
     <span class='ocr_line' id='line_1_17' title="bbox 183 1985 1131 2071; baseline 0.002 -23"><span class='ocrx_word' id='word_1_111' title='bbox 183 1991 320 2050; x_wconf 81' lang='lat'><strong>368.-</strong></span> <span class='ocrx_word' id='word_1_112' title='bbox 349 1991 389 2052; x_wconf 77' lang='lat' dir='ltr'><strong>Aa</strong></span> <span class='ocrx_word' id='word_1_113' title='bbox 418 1991 575 2071; x_wconf 89' lang='lat' dir='ltr'><strong>Diophanti</strong></span> <span class='ocrx_word' id='word_1_114' title='bbox 597 1987 744 2050; x_wconf 87' lang='lat' dir='ltr'><strong>decretum</strong></span> <span class='ocrx_word' id='word_1_115' title='bbox 766 1989 803 2049; x_wconf 90' lang='lat' dir='ltr'><strong>ad</strong></span> <span class='ocrx_word' id='word_1_116' title='bbox 825 1991 873 2050; x_wconf 93' lang='lat' dir='ltr'><strong>Ol.</strong></span> <span class='ocrx_word' id='word_1_117' title='bbox 896 1985 988 2067; x_wconf 87' lang='lat' dir='ltr'>CVII,</span> <span class='ocrx_word' id='word_1_118' title='bbox 1014 2012 1027 2049; x_wconf 92' lang='grc' dir='ltr'><strong>ι</strong></span> <span class='ocrx_word' id='word_1_119' title='bbox 1052 1989 1131 2051; x_wconf 87' lang='lat' dir='ltr'><strong>rele-</strong></span> 
     </span>
     <span class='ocr_line' id='line_1_18' title="bbox 180 2073 1130 2162; baseline 0.003 -28"><span class='ocrx_word' id='word_1_120' title='bbox 180 2075 302 2134; x_wconf 89' lang='lat' dir='ltr'><strong>rendum</strong></span> <span class='ocrx_word' id='word_1_121' title='bbox 324 2092 380 2154; x_wconf 90' lang='lat' dir='ltr'><strong>est,</strong></span> <span class='ocrx_word' id='word_1_122' title='bbox 411 2093 440 2136; x_wconf 89' lang='lat' dir='ltr'><strong>et</strong></span> <span class='ocrx_word' id='word_1_123' title='bbox 466 2077 555 2135; x_wconf 86' lang='lat' dir='ltr'><strong>latum</strong></span> <span class='ocrx_word' id='word_1_124' title='bbox 584 2081 626 2136; x_wconf 84' lang='lat' dir='ltr'><strong>est</strong></span> <span class='ocrx_word' id='word_1_125' title='bbox 647 2099 705 2136; x_wconf 92' lang='lat' dir='ltr'><strong>non</strong></span> <span class='ocrx_word' id='word_1_126' title='bbox 734 2076 771 2136; x_wconf 90' lang='lat' dir='ltr'><strong>de</strong></span> <span class='ocrx_word' id='word_1_127' title='bbox 794 2073 992 2162; x_wconf 73' lang='lat' dir='ltr'><strong>oneoaytnytu,</strong></span> <span class='ocrx_word' id='word_1_128' title='bbox 1015 2099 1068 2137; x_wconf 89' lang='lat' dir='ltr'><strong>nec</strong></span> <span class='ocrx_word' id='word_1_129' title='bbox 1075 2075 1130 2137; x_wconf 88' lang='lat' dir='ltr'><strong>de</strong></span> 
     </span>
    </p>

    <p class='ocr_par' dir='ltr' id='par_1_11' title="bbox 0 2138 1233 3371">
     <span class='ocr_line' id='line_1_19' title="bbox 0 2138 1126 2246; baseline 0.003 -26"><span class='ocrx_word' id='word_1_130' title='bbox 0 2156 2 2171; x_wconf 54' lang='lat'><em>¹</em></span> <span class='ocrx_word' id='word_1_131' title='bbox 89 2167 113 2218; x_wconf 80' lang='grc'><strong>“.</strong></span> <span class='ocrx_word' id='word_1_132' title='bbox 179 2161 343 2240; x_wconf 83' lang='lat' dir='ltr'><strong>Heracleis,</strong></span> <span class='ocrx_word' id='word_1_133' title='bbox 369 2163 423 2224; x_wconf 91' lang='lat' dir='ltr'><strong>sed</strong></span> <span class='ocrx_word' id='word_1_134' title='bbox 452 2163 489 2222; x_wconf 89' lang='lat' dir='ltr'><strong>de</strong></span> <span class='ocrx_word' id='word_1_135' title='bbox 519 2165 635 2245; x_wconf 88' lang='lat' dir='ltr'><strong>pompis</strong></span> <span class='ocrx_word' id='word_1_136' title='bbox 668 2177 697 2222; x_wconf 87' lang='lat' dir='ltr'><strong>et</strong></span> <span class='ocrx_word' id='word_1_137' title='bbox 727 2138 985 2245; x_wconf 63' lang='lat' dir='ltr'><strong>supplicationibus</strong></span> <span class='ocrx_word' id='word_1_138' title='bbox 1018 2163 1126 2246; x_wconf 89' lang='lat' dir='ltr'><strong>quibus</strong></span> 
     </span>
     <span class='ocr_line' id='line_1_20' title="bbox 93 2210 1128 2333; baseline 0.002 -25"><span class='ocrx_word' id='word_1_139' title='bbox 93 2317 96 2323; x_wconf 20' lang='grc' dir='ltr'><strong><em>Δ</em></strong></span> <span class='ocrx_word' id='word_1_140' title='bbox 125 2266 135 2282; x_wconf 82' lang='grc'><strong><em>’</em></strong></span> <span class='ocrx_word' id='word_1_141' title='bbox 177 2252 282 2331; x_wconf 76' lang='lat' dir='ltr'><strong>gratias</strong></span> <span class='ocrx_word' id='word_1_142' title='bbox 301 2210 355 2310; x_wconf 88' lang='lat' dir='ltr'><strong>diis</strong></span> <span class='ocrx_word' id='word_1_143' title='bbox 377 2265 493 2333; x_wconf 82' lang='lat' dir='ltr'><strong>agerent</strong></span> <span class='ocrx_word' id='word_1_144' title='bbox 514 2251 701 2310; x_wconf 82' lang='lat' dir='ltr'><strong>Athenienses</strong></span> <span class='ocrx_word' id='word_1_145' title='bbox 723 2249 762 2310; x_wconf 86' lang='lat' dir='ltr'><strong>ob</strong></span> <span class='ocrx_word' id='word_1_146' title='bbox 784 2250 954 2331; x_wconf 90' lang='lat' dir='ltr'><strong>Philippum</strong></span> <span class='ocrx_word' id='word_1_147' title='bbox 974 2249 1010 2309; x_wconf 89' lang='lat' dir='ltr'><strong>ad</strong></span> <span class='ocrx_word' id='word_1_148' title='bbox 1032 2251 1128 2310; x_wconf 84' lang='lat' dir='ltr'><strong>Ther</strong></span> 
     </span>
     <span class='ocr_line' id='line_1_21' title="bbox 1 2328 1126 2420; baseline 0.002 -26"><span class='ocrx_word' id='word_1_149' title='bbox 1 2328 3 2339; x_wconf 58' lang='lat'><strong>¹</strong></span> <span class='ocrx_word' id='word_1_150' title='bbox 177 2337 306 2418; x_wconf 78' lang='lat' dir='ltr'><strong>mopylas</strong></span> <span class='ocrx_word' id='word_1_151' title='bbox 335 2360 498 2420; x_wconf 87' lang='lat' dir='ltr'><strong>repressum</strong></span> <span class='ocrx_word' id='word_1_152' title='bbox 527 2337 575 2396; x_wconf 93' lang='lat' dir='ltr'><strong>Ol.</strong></span> <span class='ocrx_word' id='word_1_153' title='bbox 599 2335 698 2412; x_wconf 89' lang='lat' dir='ltr'>CVII,</span> <span class='ocrx_word' id='word_1_154' title='bbox 733 2357 759 2394; x_wconf 83' lang='lat' dir='ltr'><strong>t.</strong></span> <span class='ocrx_word' id='word_1_155' title='bbox 803 2337 888 2396; x_wconf 82' lang='lat' dir='ltr'><strong>Prius</strong></span> <span class='ocrx_word' id='word_1_156' title='bbox 910 2337 1035 2418; x_wconf 78' lang='lat' dir='ltr'><strong>gloriose</strong></span> <span class='ocrx_word' id='word_1_157' title='bbox 1058 2338 1126 2398; x_wconf 83' lang='lat' dir='ltr'><strong>actis</strong></span> 
     </span>
     <span class='ocr_line' id='line_1_22' title="bbox 176 2423 1125 2523; baseline 0 -41"><span class='ocrx_word' id='word_1_158' title='bbox 176 2423 386 2484; x_wconf 88' lang='lat' dir='ltr'><strong>Demosthenes</strong></span> <span class='ocrx_word' id='word_1_159' title='bbox 406 2425 426 2483; x_wconf 95' lang='lat' dir='ltr'>I</span> <span class='ocrx_word' id='word_1_160' title='bbox 449 2446 473 2484; x_wconf 91' lang='lat' dir='ltr'><strong>c</strong></span> <span class='ocrx_word' id='word_1_161' title='bbox 497 2424 621 2504; x_wconf 87' lang='lat' dir='ltr'><strong>opponit</strong></span> <span class='ocrx_word' id='word_1_162' title='bbox 641 2424 775 2499; x_wconf 87' lang='lat' dir='ltr'><strong>recentia,</strong></span> <span class='ocrx_word' id='word_1_163' title='bbox 784 2444 872 2523; x_wconf 81' lang='lat' dir='ltr'><strong>quae</strong></span> <span class='ocrx_word' id='word_1_164' title='bbox 895 2445 948 2505; x_wconf 88' lang='lat' dir='ltr'><strong>per</strong></span> <span class='ocrx_word' id='word_1_165' title='bbox 965 2424 1125 2504; x_wconf 85' lang='lat' dir='ltr'><strong>legatorum</strong></span> 
     </span>
     <span class='ocr_line' id='line_1_23' title="bbox 176 2509 1149 2614; baseline 0 -46"><span class='ocrx_word' id='word_1_166' title='bbox 176 2509 325 2614; x_wconf 86' lang='lat' dir='ltr'><strong>perfidiam</strong></span> <span class='ocrx_word' id='word_1_167' title='bbox 348 2509 486 2570; x_wconf 86' lang='lat' dir='ltr'><strong>dedecori</strong></span> <span class='ocrx_word' id='word_1_168' title='bbox 484 2510 758 2614; x_wconf 87' lang='lat' dir='ltr'><strong>detrimentoque</strong></span> <span class='ocrx_word' id='word_1_169' title='bbox 766 2510 884 2568; x_wconf 82' lang='lat' dir='ltr'><strong>clvitatis</strong></span> <span class='ocrx_word' id='word_1_170' title='bbox 902 2509 1031 2568; x_wconf 84' lang='lat' dir='ltr'><strong>confecta</strong></span> <span class='ocrx_word' id='word_1_171' title='bbox 1053 2511 1123 2568; x_wconf 88' lang='lat' dir='ltr'><strong>sint:</strong></span> <span class='ocrx_word' id='word_1_172' title='bbox 1148 2573 1149 2578; x_wconf 7' lang='grc' dir='ltr'>ἵ</span> 
     </span>
     <span class='ocr_line' id='line_1_24' title="bbox 176 2587 1123 2702; baseline 0 -48"><span class='ocrx_word' id='word_1_173' title='bbox 176 2592 225 2654; x_wconf 74' lang='grc' dir='ltr'><strong>καὶ</strong></span> <span class='ocrx_word' id='word_1_174' title='bbox 253 2589 372 2672; x_wconf 79' lang='grc' dir='ltr'><strong>μάταια</strong></span> <span class='ocrx_word' id='word_1_175' title='bbox 392 2618 449 2675; x_wconf 82' lang='grc' dir='ltr'><strong>μεν</strong></span> <span class='ocrx_word' id='word_1_176' title='bbox 477 2619 497 2675; x_wconf 85' lang='grc' dir='ltr'><em>η</em></span> <span class='ocrx_word' id='word_1_177' title='bbox 527 2589 678 2702; x_wconf 79' lang='grc' dir='ltr'><strong>πρότερον</strong></span> <span class='ocrx_word' id='word_1_178' title='bbox 697 2589 833 2674; x_wconf 60' lang='lat' dir='ltr'><strong>flendam</strong></span> <span class='ocrx_word' id='word_1_179' title='bbox 859 2591 901 2665; x_wconf 80' lang='grc' dir='ltr'><strong>εἷς</strong></span> <span class='ocrx_word' id='word_1_180' title='bbox 929 2587 1041 2667; x_wconf 78' lang='grc' dir='ltr'><strong>Πύλας</strong></span> <span class='ocrx_word' id='word_1_181' title='bbox 1062 2593 1123 2672; x_wconf 92' lang='lat' dir='ltr'><strong>(Ol.</strong></span> 
     </span>
     <span class='ocr_line' id='line_1_25' title="bbox 158 2675 1125 2764; baseline 0.001 -23"><span class='ocrx_word' id='word_1_182' title='bbox 158 2675 416 2761; x_wconf 67' lang='lat' dir='ltr'><strong>·CV11,1)‘vpta</strong></span> <span class='ocrx_word' id='word_1_183' title='bbox 436 2679 566 2764; x_wconf 71' lang='grc' dir='ltr'><strong>γέγονεν,</strong></span> <span class='ocrx_word' id='word_1_184' title='bbox 589 2676 629 2761; x_wconf 75' lang='grc' dir='ltr'><strong>ἣν</strong></span> <span class='ocrx_word' id='word_1_185' title='bbox 648 2675 728 2761; x_wconf 81' lang='grc' dir='ltr'><strong>μετὰ</strong></span> <span class='ocrx_word' id='word_1_186' title='bbox 749 2676 935 2742; x_wconf 80' lang='grc' dir='ltr'><strong>αλιιόιωι“</strong></span> <span class='ocrx_word' id='word_1_187' title='bbox 916 2705 935 2760; x_wconf 81' lang='grc' dir='ltr'><em>η</em></span> <span class='ocrx_word' id='word_1_188' title='bbox 960 2678 1125 2744; x_wconf 84' lang='grc' dir='ltr'><strong>διακοσίων</strong></span> 
     </span>
     <span class='ocr_line' id='line_1_26' title="bbox 150 2706 1233 2874; baseline 0.002 -46"><span class='ocrx_word' id='word_1_189' title='bbox 150 2763 333 2830; x_wconf 73' lang='lat' dir='ltr'><strong>-salcivtwv</strong></span> <span class='ocrx_word' id='word_1_190' title='bbox 361 2706 551 2874; x_wconf 59' lang='lat' dir='ltr'><strong>inclinanda</strong></span> <span class='ocrx_word' id='word_1_191' title='bbox 581 2771 621 2850; x_wconf 85' lang='lat' dir='ltr'><strong>(p.</strong></span> <span class='ocrx_word' id='word_1_192' title='bbox 657 2773 724 2848; x_wconf 87' lang='lat'><strong>367</strong></span> <span class='ocrx_word' id='word_1_193' title='bbox 748 2769 840 2845; x_wconf 75' lang='lat' dir='ltr'><strong>extr..)</strong></span> <span class='ocrx_word' id='word_1_194' title='bbox 889 2769 966 2830; x_wconf 90' lang='lat' dir='ltr'><strong>Tum</strong></span> <span class='ocrx_word' id='word_1_195' title='bbox 998 2791 1028 2852; x_wconf 89' lang='lat' dir='ltr'><strong>p.</strong></span> <span class='ocrx_word' id='word_1_196' title='bbox 1059 2773 1120 2832; x_wconf 86' lang='lat'><strong>368</strong></span> <span class='ocrx_word' id='word_1_197' title='bbox 1230 2772 1233 2779; x_wconf 86' lang='lat'>&#39;</span> 
     </span>
     <span class='ocr_line' id='line_1_27' title="bbox 175 2849 1123 2965; baseline 0.004 -53"><span class='ocrx_word' id='word_1_198' title='bbox 175 2857 226 2915; x_wconf 82' lang='lat' dir='ltr'><strong>iu:</strong></span> <span class='ocrx_word' id='word_1_199' title='bbox 254 2851 319 2936; x_wconf 74' lang='grc' dir='ltr'><strong>λέγε</strong></span> <span class='ocrx_word' id='word_1_200' title='bbox 354 2853 391 2936; x_wconf 76' lang='grc' dir='ltr'><strong>δὴ</strong></span> <span class='ocrx_word' id='word_1_201' title='bbox 422 2851 477 2918; x_wconf 82' lang='grc' dir='ltr'><strong>τὸ</strong></span> <span class='ocrx_word' id='word_1_202' title='bbox 487 2849 638 2934; x_wconf 66' lang='grc' dir='ltr'><strong>Ψήφισμα</strong></span> <span class='ocrx_word' id='word_1_203' title='bbox 664 2849 770 2965; x_wconf 79' lang='grc' dir='ltr'><strong>λαβὼν</strong></span> <span class='ocrx_word' id='word_1_204' title='bbox 796 2850 859 2916; x_wconf 79' lang='grc' dir='ltr'><strong>τὸ</strong></span> <span class='ocrx_word' id='word_1_205' title='bbox 864 2875 920 2916; x_wconf 86' lang='grc' dir='ltr'><strong>τοιι</strong></span> <span class='ocrx_word' id='word_1_206' title='bbox 940 2851 1123 2964; x_wconf 76' lang='grc' dir='ltr'><strong>Διοφάντου</strong></span> 
     </span>
     <span class='ocr_line' id='line_1_28' title="bbox 173 2925 1214 3022; baseline 0.004 -20"><span class='ocrx_word' id='word_1_207' title='bbox 173 2939 223 3002; x_wconf 75' lang='grc' dir='ltr'><strong>καὶ</strong></span> <span class='ocrx_word' id='word_1_208' title='bbox 256 2938 291 3002; x_wconf 84' lang='grc' dir='ltr'><strong>τὸ</strong></span> <span class='ocrx_word' id='word_1_209' title='bbox 322 2945 378 3006; x_wconf 80' lang='grc' dir='ltr'><strong>τοῦ</strong></span> <span class='ocrx_word' id='word_1_210' title='bbox 406 2925 707 3019; x_wconf 74' lang='grc' dir='ltr'><strong>Καλλισθένους,</strong></span> <span class='ocrx_word' id='word_1_211' title='bbox 694 2965 723 3002; x_wconf 88' lang='grc' dir='ltr'><strong>ιν</strong></span> <span class='ocrx_word' id='word_1_212' title='bbox 723 2935 894 3022; x_wconf 78' lang='grc' dir='ltr'><strong>ἐιθῆτε“</strong></span> <span class='ocrx_word' id='word_1_213' title='bbox 874 2963 938 3018; x_wconf 86' lang='grc' dir='ltr'><strong>οτι,</strong></span> <span class='ocrx_word' id='word_1_214' title='bbox 969 2937 1130 3021; x_wconf 75' lang='grc' dir='ltr'><strong>ὅτιμὲν·</strong></span> <span class='ocrx_word' id='word_1_215' title='bbox 1212 3003 1214 3006; x_wconf 87' lang='grc'>.</span> 
     </span>
     <span class='ocr_line' id='line_1_29' title="bbox 70 3023 1121 3108; baseline -0.002 -16"><span class='ocrx_word' id='word_1_216' title='bbox 70 3064 75 3072; x_wconf 81' lang='lat'><em>·</em></span> <span class='ocrx_word' id='word_1_217' title='bbox 174 3024 219 3092; x_wconf 81' lang='grc' dir='ltr'><strong>τὰ</strong></span> <span class='ocrx_word' id='word_1_218' title='bbox 242 3025 372 3090; x_wconf 55' lang='lat' dir='ltr'><strong>tione*</strong></span> <span class='ocrx_word' id='word_1_219' title='bbox 393 3025 574 3104; x_wconf 74' lang='grc' dir='ltr'><strong>ἐποιεῖτε,</strong></span> <span class='ocrx_word' id='word_1_220' title='bbox 602 3029 723 3090; x_wconf 75' lang='grc' dir='ltr'><strong>θυσιῶν</strong></span> <span class='ocrx_word' id='word_1_221' title='bbox 749 3026 799 3088; x_wconf 81' lang='grc' dir='ltr'><strong>καὶ</strong></span> <span class='ocrx_word' id='word_1_222' title='bbox 822 3023 1121 3108; x_wconf 72' lang='grc' dir='ltr'><strong>ἕπαίιωιιήξισῦσθε</strong></span> 
     </span>
     <span class='ocr_line' id='line_1_30' title="bbox 176 3108 1121 3196; baseline -0.006 -17.649"><span class='ocrx_word' id='word_1_223' title='bbox 176 3111 339 3192; x_wconf 76' lang='grc' dir='ltr'><strong>-ἒπειθὴ</strong></span> <span class='ocrx_word' id='word_1_224' title='bbox 363 3108 427 3176; x_wconf 77' lang='lat' dir='ltr'><strong>d’‘</strong></span> <span class='ocrx_word' id='word_1_225' title='bbox 409 3109 470 3176; x_wconf 82' lang='grc' dir='ltr'><strong>υπὸ</strong></span> <span class='ocrx_word' id='word_1_226' title='bbox 504 3135 622 3177; x_wconf 84' lang='grc' dir='ltr'><strong>τουτων</strong></span> <span class='ocrx_word' id='word_1_227' title='bbox 643 3109 913 3196; x_wconf 72' lang='grc' dir='ltr'><strong>παρεκρούσθητε,</strong></span> <span class='ocrx_word' id='word_1_228' title='bbox 935 3114 1050 3187; x_wconf 77' lang='grc' dir='ltr'><strong>παῖδας</strong></span> <span class='ocrx_word' id='word_1_229' title='bbox 1070 3112 1121 3176; x_wconf 73' lang='grc' dir='ltr'><strong>καὶ</strong></span> 
     </span>
     <span class='ocr_line' id='line_1_31' title="bbox 172 3193 1121 3308; baseline 0.001 -47"><span class='ocrx_word' id='word_1_230' title='bbox 172 3210 316 3284; x_wconf 72' lang='grc' dir='ltr'><strong>γυναῖκας</strong></span> <span class='ocrx_word' id='word_1_231' title='bbox 345 3200 377 3264; x_wconf 79' lang='grc' dir='ltr'><strong>ἐκ</strong></span> <span class='ocrx_word' id='word_1_232' title='bbox 403 3205 467 3264; x_wconf 81' lang='grc' dir='ltr'><strong>τῶν</strong></span> <span class='ocrx_word' id='word_1_233' title='bbox 495 3197 598 3283; x_wconf 77' lang='grc' dir='ltr'><strong>ἄγριῖικ</strong></span> <span class='ocrx_word' id='word_1_234' title='bbox 619 3199 853 3280; x_wconf 79' lang='grc' dir='ltr'><strong>κατεκομίζεσθε</strong></span> <span class='ocrx_word' id='word_1_235' title='bbox 874 3197 924 3262; x_wconf 76' lang='grc' dir='ltr'><strong>καὶ</strong></span> <span class='ocrx_word' id='word_1_236' title='bbox 951 3197 991 3262; x_wconf 79' lang='grc' dir='ltr'><strong>τὰ</strong></span> <span class='ocrx_word' id='word_1_237' title='bbox 1015 3193 1121 3308; x_wconf 78' lang='lat' dir='ltr'><strong>‘Hpo&#39;a-</strong></span> 
     </span>
     <span class='ocr_line' id='line_1_32' title="bbox 172 3282 1117 3371; baseline 0 -20"><span class='ocrx_word' id='word_1_238' title='bbox 172 3288 291 3352; x_wconf 74' lang='lat' dir='ltr'><strong>aleta</strong></span> <span class='ocrx_word' id='word_1_239' title='bbox 277 3285 363 3361; x_wconf 82' lang='grc' dir='ltr'><strong>ιντὸς</strong></span> <span class='ocrx_word' id='word_1_240' title='bbox 384 3287 503 3368; x_wconf 82' lang='grc' dir='ltr'><strong>τιιχοιις</strong></span> <span class='ocrx_word' id='word_1_241' title='bbox 535 3284 624 3350; x_wconf 76' lang='grc' dir='ltr'><strong>θύειν</strong></span> <span class='ocrx_word' id='word_1_242' title='bbox 645 3285 835 3370; x_wconf 60' lang='lat' dir='ltr'><strong>appellanda</strong></span> <span class='ocrx_word' id='word_1_243' title='bbox 863 3282 984 3371; x_wconf 73' lang='grc' dir='ltr'><strong>εἰρήνης</strong></span> <span class='ocrx_word' id='word_1_244' title='bbox 1013 3284 1117 3370; x_wconf 80' lang='grc' dir='ltr'><strong>οιισης.</strong></span> 
     </span>
    </p>

    <p class='ocr_par' dir='ltr' id='par_1_12' title="bbox 77 3367 1192 3891">
     <span class='ocr_line' id='line_1_33' title="bbox 77 3367 1168 3462; baseline -0.003 -23"><span class='ocrx_word' id='word_1_245' title='bbox 77 3367 82 3372; x_wconf 36' lang='grc'>’</span> <span class='ocrx_word' id='word_1_246' title='bbox 173 3379 271 3460; x_wconf 80' lang='lat' dir='ltr'><strong>Atque</strong></span> <span class='ocrx_word' id='word_1_247' title='bbox 293 3380 411 3438; x_wconf 85' lang='lat' dir='ltr'><strong>recitare</strong></span> <span class='ocrx_word' id='word_1_248' title='bbox 434 3378 525 3436; x_wconf 86' lang='lat' dir='ltr'><strong>statim</strong></span> <span class='ocrx_word' id='word_1_249' title='bbox 547 3391 635 3434; x_wconf 78' lang='lat' dir='ltr'><strong>notun</strong></span> <span class='ocrx_word' id='word_1_250' title='bbox 664 3376 811 3436; x_wconf 89' lang='lat' dir='ltr'><strong>decretum</strong></span> <span class='ocrx_word' id='word_1_251' title='bbox 833 3375 924 3449; x_wconf 89' lang='lat' dir='ltr'><strong>iubet,</strong></span> <span class='ocrx_word' id='word_1_252' title='bbox 948 3373 1119 3462; x_wconf 85' lang='lat' dir='ltr'><strong>Diophanti,</strong></span> <span class='ocrx_word' id='word_1_253' title='bbox 1165 3398 1168 3404; x_wconf 88' lang='lat'>·</span> 
     </span>
     <span class='ocr_line' id='line_1_34' title="bbox 174 3457 1116 3570; baseline -0.001 -47"><span class='ocrx_word' id='word_1_254' title='bbox 174 3488 233 3570; x_wconf 78' lang='lat' dir='ltr'><strong>quo</strong></span> <span class='ocrx_word' id='word_1_255' title='bbox 261 3466 394 3570; x_wconf 84' lang='lat' dir='ltr'><strong>recitato,</strong></span> <span class='ocrx_word' id='word_1_256' title='bbox 434 3465 532 3522; x_wconf 75' lang='grc' dir='ltr'><strong>ταῦτα</strong></span> <span class='ocrx_word' id='word_1_257' title='bbox 562 3460 618 3539; x_wconf 74' lang='grc' dir='ltr'><strong>μὲν</strong></span> <span class='ocrx_word' id='word_1_258' title='bbox 654 3457 739 3523; x_wconf 77' lang='grc' dir='ltr'><strong>τότε</strong></span> <span class='ocrx_word' id='word_1_259' title='bbox 776 3463 836 3540; x_wconf 84' lang='lat'>(01.</span> <span class='ocrx_word' id='word_1_260' title='bbox 866 3463 964 3540; x_wconf 89' lang='lat' dir='ltr'>CVII,</span> <span class='ocrx_word' id='word_1_261' title='bbox 997 3467 1039 3541; x_wconf 87' lang='grc' dir='ltr'><strong>ι),</strong></span> <span class='ocrx_word' id='word_1_262' title='bbox 1070 3466 1116 3541; x_wconf 84' lang='lat' dir='ltr'><strong>ait,</strong></span> 
     </span>
     <span class='ocr_line' id='line_1_35' title="bbox 172 3539 1116 3634; baseline -0.001 -23"><span class='ocrx_word' id='word_1_263' title='bbox 172 3545 273 3626; x_wconf 73' lang='grc' dir='ltr'><strong>ἄξια,</strong></span> <span class='ocrx_word' id='word_1_264' title='bbox 303 3539 380 3611; x_wconf 72' lang='lat' dir='ltr'><strong>olei.</strong></span> <span class='ocrx_word' id='word_1_265' title='bbox 399 3545 486 3624; x_wconf 86' lang='grc' dir='ltr'><strong>Ἀθ,</strong></span> <span class='ocrx_word' id='word_1_266' title='bbox 519 3545 1116 3634; x_wconf 33' lang='grc' dir='ltr'><strong>τωναιπραγμέιωνὲψηφᾙσασθτ</strong></span> 
     </span>
     <span class='ocr_line' id='line_1_36' title="bbox 172 3629 1117 3716; baseline 0 -20"><span class='ocrx_word' id='word_1_267' title='bbox 172 3633 255 3716; x_wconf 75' lang='grc' dir='ltr'><strong>λέγε</strong></span> <span class='ocrx_word' id='word_1_268' title='bbox 266 3634 299 3696; x_wconf 71' lang='grc' dir='ltr'><strong>δι’</strong></span> <span class='ocrx_word' id='word_1_269' title='bbox 331 3633 370 3697; x_wconf 81' lang='grc' dir='ltr'><strong>τὰ</strong></span> <span class='ocrx_word' id='word_1_270' title='bbox 399 3629 478 3715; x_wconf 79' lang='grc' dir='ltr'><strong>μετὰ</strong></span> <span class='ocrx_word' id='word_1_271' title='bbox 505 3637 604 3696; x_wconf 82' lang='grc' dir='ltr'><strong>ταῦτα</strong></span> <span class='ocrx_word' id='word_1_272' title='bbox 633 3637 791 3714; x_wconf 86' lang='lat' dir='ltr'><strong>(decretum</strong></span> <span class='ocrx_word' id='word_1_273' title='bbox 818 3637 995 3698; x_wconf 84' lang='lat' dir='ltr'><strong>Callisthenis</strong></span> <span class='ocrx_word' id='word_1_274' title='bbox 1017 3638 1117 3700; x_wconf 86' lang='lat' dir='ltr'><strong>eadem</strong></span> 
     </span>
     <span class='ocr_line' id='line_1_37' title="bbox 172 3723 1192 3808; baseline 0.002 -26"><span class='ocrx_word' id='word_1_275' title='bbox 172 3726 309 3784; x_wconf 86' lang='lat' dir='ltr'><strong>nimirum</strong></span> <span class='ocrx_word' id='word_1_276' title='bbox 326 3727 427 3806; x_wconf 80' lang='lat' dir='ltr'><strong>pagina</strong></span> <span class='ocrx_word' id='word_1_277' title='bbox 449 3739 515 3806; x_wconf 89' lang='lat' dir='ltr'><strong>post</strong></span> <span class='ocrx_word' id='word_1_278' title='bbox 544 3723 617 3781; x_wconf 89' lang='lat' dir='ltr'><strong>illud</strong></span> <span class='ocrx_word' id='word_1_279' title='bbox 638 3724 796 3802; x_wconf 86' lang='lat' dir='ltr'><strong>Diophanti</strong></span> <span class='ocrx_word' id='word_1_280' title='bbox 825 3723 970 3784; x_wconf 82' lang='lat' dir='ltr'><strong>decretum</strong></span> <span class='ocrx_word' id='word_1_281' title='bbox 993 3727 1118 3808; x_wconf 84' lang='lat' dir='ltr'><strong>perscri-</strong></span> <span class='ocrx_word' id='word_1_282' title='bbox 1191 3745 1192 3748; x_wconf 76' lang='grc'>’</span> 
     </span>
     <span class='ocr_line' id='line_1_38' title="bbox 171 3809 1117 3914; baseline 0.008 -48"><span class='ocrx_word' id='word_1_283' title='bbox 171 3812 274 3914; x_wconf 87' lang='lat' dir='ltr'><strong>ptum).</strong></span> <span class='ocrx_word' id='word_1_284' title='bbox 318 3813 465 3870; x_wconf 85' lang='lat' dir='ltr'><strong>Recitatur</strong></span> <span class='ocrx_word' id='word_1_285' title='bbox 481 3809 637 3882; x_wconf 87' lang='lat' dir='ltr'><strong>decretum,</strong></span> <span class='ocrx_word' id='word_1_286' title='bbox 659 3824 754 3912; x_wconf 75' lang='lat' dir='ltr'><strong>pergit</strong></span> <span class='ocrx_word' id='word_1_287' title='bbox 766 3811 993 3869; x_wconf 66' lang='lat' dir='ltr'><strong>Demosthenis</strong></span> <span class='ocrx_word' id='word_1_288' title='bbox 1018 3816 1117 3875; x_wconf 78' lang='grc' dir='ltr'><strong>ταῦτα</strong></span> 
     </span>
    </p>
   </div>
   <div class='ocr_carea' id='block_1_5' title="bbox 170 3886 1045 3980">
    <p class='ocr_par' dir='ltr' id='par_1_13' title="bbox 170 3886 1045 3980">
     <span class='ocr_line' id='line_1_39' title="bbox 170 3886 1045 3980; baseline 0.003 -25"><span class='ocrx_word' id='word_1_289' title='bbox 170 3889 233 3956; x_wconf 82' lang='grc' dir='ltr'><strong>τότ’</strong></span> <span class='ocrx_word' id='word_1_290' title='bbox 256 3897 314 3974; x_wconf 90' lang='lat' dir='ltr'><strong>(Ol.</strong></span> <span class='ocrx_word' id='word_1_291' title='bbox 339 3897 444 3972; x_wconf 89' lang='lat' dir='ltr'>CVIII,</span> <span class='ocrx_word' id='word_1_292' title='bbox 468 3899 497 3973; x_wconf 79' lang='lat' dir='ltr'><strong>a)</strong></span> <span class='ocrx_word' id='word_1_293' title='bbox 520 3891 636 3980; x_wconf 68' lang='grc' dir='ltr'><em>ἰψηφίς</em></span> <span class='ocrx_word' id='word_1_294' title='bbox 622 3886 743 3971; x_wconf 35' lang='lat' dir='ltr'><strong>‘affert‘</strong></span> <span class='ocrx_word' id='word_1_295' title='bbox 726 3901 814 3974; x_wconf 81' lang='grc' dir='ltr'><strong>ομιΐς</strong></span> <span class='ocrx_word' id='word_1_296' title='bbox 836 3891 887 3955; x_wconf 75' lang='grc' dir='ltr'><strong>διὰ</strong></span> <span class='ocrx_word' id='word_1_297' title='bbox 910 3893 1045 3972; x_wconf 74' lang='grc' dir='ltr'><strong>τούτους.</strong></span> 
     </span>
    </p>
   </div>
   <div class='ocr_carea' id='block_1_6' title="bbox 128 4018 1118 4190">
    <p class='ocr_par' dir='ltr' id='par_1_14' title="bbox 128 4018 1118 4190">
     <span class='ocr_line' id='line_1_40' title="bbox 128 4018 1116 4106; baseline 0.007 -30.079"><span class='ocrx_word' id='word_1_298' title='bbox 128 4018 321 4096; x_wconf 80' lang='grc' dir='ltr'><strong>)ΕἰιιειιιοιΙί</strong></span> <span class='ocrx_word' id='word_1_299' title='bbox 352 4018 540 4101; x_wconf 80' lang='lat' dir='ltr'><strong>discrepantia</strong></span> <span class='ocrx_word' id='word_1_300' title='bbox 567 4041 623 4078; x_wconf 88' lang='lat' dir='ltr'><strong>una</strong></span> <span class='ocrx_word' id='word_1_301' title='bbox 652 4042 677 4076; x_wconf 87' lang='lat' dir='ltr'><strong>v.</strong></span> <span class='ocrx_word' id='word_1_302' title='bbox 701 4037 725 4076; x_wconf 90' lang='lat' dir='ltr'><strong>e.</strong></span> <span class='ocrx_word' id='word_1_303' title='bbox 749 4033 806 4096; x_wconf 89' lang='lat' dir='ltr'><strong>est,</strong></span> <span class='ocrx_word' id='word_1_304' title='bbox 840 4019 926 4100; x_wconf 89' lang='lat' dir='ltr'><strong>quod</strong></span> <span class='ocrx_word' id='word_1_305' title='bbox 953 4021 1116 4106; x_wconf 82' lang='lat' dir='ltr'><strong>Cuttyphus</strong></span> 
     </span>
     <span class='ocr_line' id='line_1_41' title="bbox 171 4105 1118 4190; baseline 0.01 -26"><span class='ocrx_word' id='word_1_306' title='bbox 171 4107 200 4164; x_wconf 90' lang='lat' dir='ltr'><strong>in</strong></span> <span class='ocrx_word' id='word_1_307' title='bbox 231 4105 348 4166; x_wconf 81' lang='grc' dir='ltr'><strong>ιΙσιιοτο</strong></span> <span class='ocrx_word' id='word_1_308' title='bbox 376 4107 614 4190; x_wconf 76' lang='lat' dir='ltr'><strong>AmphIctyonico</strong></span> <span class='ocrx_word' id='word_1_309' title='bbox 641 4105 676 4164; x_wconf 92' lang='lat' dir='ltr'><strong>II.</strong></span> <span class='ocrx_word' id='word_1_310' title='bbox 698 4106 740 4190; x_wconf 89' lang='lat' dir='ltr'><strong>(p.</strong></span> <span class='ocrx_word' id='word_1_311' title='bbox 764 4107 838 4186; x_wconf 79' lang='lat'>279)</span> <span class='ocrx_word' id='word_1_312' title='bbox 868 4107 979 4170; x_wconf 87' lang='lat' dir='ltr'><strong>Arcas</strong></span> <span class='ocrx_word' id='word_1_313' title='bbox 1002 4124 1118 4173; x_wconf 87' lang='lat' dir='ltr'><strong>vocatur</strong></span> 
     </span>
    </p>
   </div>
   <div class='ocr_carea' id='block_1_7' title="bbox 0 0 1374 4774">
    <p class='ocr_par' dir='ltr' id='par_1_15' title="bbox 0 0 1374 4774">
     <span class='ocr_line' id='line_1_42' title="bbox 0 0 1374 4774; baseline 0 6"><span class='ocrx_word' id='word_1_314' title='bbox 0 0 1374 4774; x_wconf 95' lang='lat' dir='ltr'><strong> </strong></span> 
     </span>
    </p>
   </div>
  </div>
 </body>
</html>
