2740 4774
392 303 661 408 ,'...‘³.....⁰⁷

61 473 236 538 continuos
258 467 414 536 mercede
436 469 593 539 militavit
618 463 690 538 sub
704 439 882 564 Iphicrate,
905 492 1007 562 quem
1028 489 1105 563 post

59 578 236 666 Amyntae.
249 574 337 665 regis
360 571 578 642 Macedoniae
599 590 752 655 mortem,
777 571 831 642 Ol.
847 572 919 654 Cll,
942 575 974 654 3,
996 575 1104 642 Athe·
1163 647 1169 656 ,

58 679 192 745 nienses
229 675 272 743 ad
301 675 565 769 recuperandam
598 678 836 771 Amphipolim
870 679 1093 745 miserantv
1057 681 1102 768 (ιι.

60 782 268 873 cap.ll.t.p.
286 783 349 870 39).
396 783 492 848 Dem.
513 805 562 849 or.
577 807 614 848 tn
626 781 784 849 Artstoct.
801 805 835 872 p.
847 780 922 870 669
968 783 1102 850 Deinde
1185 869 1188 876 1

61 909 166 978 quum
190 885 347 976 iphicrati
370 886 549 977 imperium
569 886 763 976 abrogatum
788 901 880 967 esset,
908 885 1102 972 Timotheo-

63 1012 130 1080 que
152 986 310 1069 delatum,
333 994 372 1055 ab
397 989 581 1080 Olynthiis,
604 989 759 1056 adversus
782 1011 865 1080 quos
881 1003 951 1054 tum
972 1007 1102 1082 tempo-

59 1093 108 1158 ris
129 1091 389 1160 Atheniensibus
420 1111 587 1161 certamen
615 1092 658 1160 de
680 1092 882 1184 Amphipoli
904 1111 989 1174 erat,
1020 1118 1102 1161 con·
1144 1098 1146 1104 ’

60 1195 180 1262 ductus
203 1193 342 1288 quidem
364 1215 413 1264 est
420 1247 431 1278 ,
461 1195 521 1264 sed
546 1198 668 1265 itinere
696 1197 738 1262 ab
765 1197 885 1263 Atticis
908 1198 1099 1266 triremibus

57 1301 265 1392 interceptus
295 1298 362 1367 fide
397 1299 474 1368 data
513 1301 730 1369 Timotheum
767 1324 880 1366 rursus
915 1299 1099 1391 adiuvabat,
1198 1341 1202 1348 -

58 1426 162 1496 quem
192 1403 246 1471 Ol.
278 1405 355 1489 CV,
390 1431 400 1473 1
436 1407 474 1472 in
501 1403 728 1500 recuperanda
753 1404 952 1497 Amphipoli
974 1408 1101 1476 victum
1147 1411 1150 1418 ’

56 1531 158 1599 supra
180 1508 361 1576 docuimus
379 1513 467 1601 (cap.
491 1509 542 1590 ΙΙ,
578 1535 605 1576 ι.
635 1535 671 1603 p.
703 1511 770 1598 39).
821 1509 863 1576 V.
895 1509 993 1575 Dem.
1023 1509 1046 1575 l.
1070 1534 1098 1579 6.
1168 1591 1185 1598 ,.

55 1613 146 1676 Tum
167 1612 284 1680 relicto
308 1614 487 1681 Timotheo
509 1614 551 1680 ab
573 1611 808 1706 Amphipoli
798 1637 834 1678 tn
857 1613 972 1678 Asiam
995 1630 1101 1680 trans-

56 1739 185 1807 gressus
216 1736 280 1798 est,
311 1714 426 1838 ibique
452 1741 514 1808 per
546 1715 683 1810 aliquod
709 1736 840 1809 tempus
877 1735 1099 1785 commoratus

55 1817 101 1884 ad
133 1819 254 1912 Cotym
282 1822 427 1903 transiit,
455 1821 619 1887 Thraciae
651 1844 785 1916 regem,
821 1843 968 1913 quocum
995 1819 1101 1889 Athe·

53 1924 189 1990 nienses
213 1923 255 1990 de
279 1924 486 1992 Chersoneso
514 1923 731 2016 pugnabant.
763 1925 852 1992 Dem
877 1921 901 1990 l.
925 1948 953 1991 c.
975 1949 1010 2018 p.
1033 1925 1098 2015 670

53 2051 132 2120 sqq.
175 2027 230 2093 Ab
257 2027 322 2096 hoc
351 2029 445 2096 brevi
471 2046 562 2121 post,
593 2024 649 2094 Ol.
674 2027 751 2109 CV,
775 2051 806 2109 2,
827 2041 890 2120 per
911 2027 1125 2120 Pythonem'

52 2148 173 2199 necato
214 2129 460 2253 Cersobleptae.
488 2131 607 2199 infanti
638 2151 745 2200 custos
774 2147 807 2198 ct
839 2148 930 2199 tutor
961 2128 1098 2200 relictus

53 2259 134 2302 cum
155 2235 460 2303 Atheniensibus
450 2262 487 2302 ιιι
520 2234 727 2304 Chersoneso
755 2236 889 2338 pacisci
909 2236 1038 2328 coepit,
1066 2254 1100 2303 et

52 2363 95 2407 eo
121 2342 331 2431 potissimum
346 2359 480 2409 auctore
498 2340 718 2407 Athenienses
741 2363 760 2404 a
778 2325 943 2404 Thractae
962 2340 1098 2432 regibus
1124 2421 1126 2428 y
1174 2425 1177 2430 ,

54 2444 257 2512 Chersonesi
279 2448 521 2536 possessionem
540 2461 648 2511 tutam
676 2458 920 2564 recuperarunt
954 2442 1011 2509 Ol.
1036 2442 1099 2512 CV
1212 2531 1214 2534 Ι

53 2551 88 2618 3
99 2547 241 2640 .V..sup
265 2573 338 2641 cap.
362 2548 425 2634 IV,
447 2570 480 2638 9.
526 2546 664 2614 Cuius
654 2572 691 2613 tn
713 2546 833 2638 primis
855 2545 934 2612 facti
956 2550 1096 2638 gratiam
1127 2615 1131 2624 ,

49 2650 235 2720 reserentes
259 2623 478 2719 Athenienses
501 2670 534 2721 et
555 2652 662 2719 civem
675 2649 917 2718 Charidemum
938 2649 1098 2734 lecerunt,

51 2773 88 2823 66
110 2781 207 2822 aurea
230 2780 352 2824 corona
371 2753 540 2830 donarunt
572 2755 695 2854 (Or.
685 2781 723 2822 tn
757 2739 918 2822 Aristocr.
951 2779 986 2848 p.
1021 2755 1097 2836 666,

51 2859 142 2942 668).
188 2855 232 2926 Et
254 2883 374 2953 magna
403 2878 475 2927 tum
502 2847 645 2927 Athenis
674 2859 798 2931 exstitit
827 2858 935 2940 factio,
959 2883 1044 2951 quae
1067 2862 1099 2927 ei

52 2965 196 3057 gratiam
217 2965 338 3058 populi
360 2963 554 3032 omnimodo
578 2963 759 3054 conciliare
786 2963 969 3030 conabatur
999 2962 1038 3051 (l.
1067 2984 1096 3027 c.

52 3070 130 3150 668,
149 3070 247 3165 68ι),
281 3089 345 3134 666
367 3066 464 3134 aliud
482 3066 669 3160 quidquam
699 3073 825 3158 agebat,
848 3091 950 3159 quam
971 3083 1011 3132 ut
1029 3089 1096 3148 tm·
1216 3067 1217 3072 ’

51 3188 189 3266 perator
211 3199 228 3238 a
252 3170 379 3266 populo
407 3187 594 3253 crearetur,
625 3187 663 3237 ut
691 3173 751 3270 qui
774 3170 861 3238 solus
883 3185 994 3264 posset
1014 3169 1097 3236 Am·
1167 3249 1169 3256 .
1214 3193 1216 3198 ·

50 3276 223 3369 phipolim
253 3277 378 3343 civitati
405 3297 621 3367 recuperare,
650 3277 768 3357 etiam,
792 3297 858 3394 966
882 3274 983 3340 tutius
1006 3295 1097 3340 com-

51 3380 153 3448 moda
176 3381 463 3483 Atheniensium
453 3405 491 3445 tn
514 3378 720 3448 Chersoneso
750 3377 873 3469 agitare
894 3392 1015 3469 posset,
1038 3371 1098 3442 de-

52 3503 184 3552 cretum
224 3485 337 3567 fieret,
383 3501 422 3550 ut
459 3483 519 3576 qui
551 3481 790 3572 Charidemum
830 3479 1025 3562 occidisset,
1066 3481 1100 3545 is·

50 3588 200 3655 Athenas
235 3587 354 3672 abduci
383 3585 427 3653 ad
453 3565 660 3679 supplicium
686 3601 798 3679 posset
833 3585 881 3676 (p.
913 3575 980 3670 664
1018 3583 1093 3676 69..)

50 3695 145 3759 Haec
173 3695 290 3784 agitata
323 3710 402 3760 sunt
427 3691 569 3758 Athenis
601 3691 696 3757 brevi
726 3705 802 3756 ante
832 3687 889 3756 Ol.
920 3686 1032 3766 CVII,
1067 3710 1094 3752 ι.

52 3795 145 3863 lllud
167 3798 258 3862 enim
281 3795 453 3862 decretum
482 3780 551 3860 id
541 3819 652 3888 tpsum
673 3810 740 3874 est,
774 3790 868 3886 quod
898 3791 939 3856 ab
965 3791 1095 3857 Aristo-

52 3901 203 3968 cratein
232 3919 348 3967 senatu
380 3915 550 3990 r,ogatum
579 3896 639 3964 sed
659 3896 850 3986 παρανόμων
877 3894 1026 3962 delatum
1053 3893 1094 3960 ab

50 4003 219 4097 Euthycle
240 4011 299 4086 est,
322 4005 382 4096 qui
414 4003 471 4074 01.
495 4002 609 4084 CVII,
646 4024 657 4068 t
685 4002 724 4072 in
743 4000 1013 4068 Aristocratem
1003 4020 1096 4065 tnve

51 4128 127 4178 ctus
149 4126 198 4176 ast
210 4107 444 4178 Demosthenis
466 4105 526 4174 illa
548 4101 913 4192 carcassonensem
927 4103 1095 4188 oratione.

729 4213 800 4280 20*
988 4223 994 4228 '
