2706 4782
262 465 332 534 illis
354 461 462 528 iuncti
484 467 594 544 enan't,
626 461 829 549 Phocenses,
854 485 959 555 quum
979 481 1051 528 sese
1070 459 1228 552 impares
1254 480 1329 526 essa

208 609 216 612 -
263 570 440 649 sentirent,
468 564 590 633 auxilia
618 561 818 658 Philippum
845 582 1015 655 rogarunt.
1067 565 1136 647 Qui
1162 565 1329 654 primum

262 675 378 753 victor,
399 682 478 738 mon
500 671 541 736 ob
566 669 798 749 Onomarcho,
830 669 1056 737 Phocensium
1083 671 1156 733 t'um
1183 685 1331 762 tempo·

209 864 212 872 .
262 780 309 846 ris
332 775 429 858 duce,
451 775 580 867 magnis
598 799 675 840 eum
697 775 801 866 copiis
817 774 1033 866 Lycophroni
1046 774 1138 856 socio
1151 771 1331 839 auxilium

265 884 405 961 serente,
428 881 465 946 in
488 904 658 946 summum
679 877 861 945 discrimen
884 877 1045 945 adductus
1074 876 1328 968 Thessaliaque

264 984 429 1054 decedere
443 1001 592 1076 fcoactus
616 998 672 1056 est.
712 981 787 1050 sed
816 1007 895 1057 mox
915 985 1037 1051 maiori
1069 983 1329 1049 cumexercitu

264 1093 304 1158 in
331 1087 538 1156 Thessaliam
554 1079 714 1154 'reversus
741 1090 929 1178 provocatis
960 1088 1118 1155 continuo
1152 1085 1198 1151 ad
1231 1079 1345 1151 a'rma

265 1195 424 1262 omnibus
445 1191 613 1279 Thessalis
636 1180 838 1258 acerrimum
869 1216 948 1260 cum
971 1190 1189 1259 Onomarcho
1220 1212 1326 1284 proe-

263 1297 349 1379 lium
371 1298 554 1377 commisit,
583 1299 621 1362 iu
644 1320 711 1389 quo
733 1313 803 1362 tam
832 1298 999 1389 egregiam
1021 1295 1064 1361 de
1083 1293 1323 1362 -Phocensibus

263 1405 437 1470 victoriam
459 1400 658 1494 deportavit,
681 1418 720 1488 nt
742 1398 861 1467 duc'em
874 1403 997 1494 ipsum
1018 1417 1153 1492 captum
1176 1421 1320 1492 suspen·
1344 1401 1345 1412 ’

266 1505 322 1612 dio
345 1507 501 1592 afficeret.
545 1503 647 1572 Diod.
671 1503 906 1587 S.‘xv·1,.35.
954 1503 1189 1589 Qua-victoria
1212 1502 1345 1570 elatus¹

265 1605 371 1704 quirm
392 1609 571 1678 transferre
592 1607 753 1693 bellurn
733 1633 783 1674 ιιι
803 1611 911 1701 ipsam
933 1606 1118 1677 Phocidem
1139 1605 1269 1690 vellet,
1293 1623 1345 1686 et

163 1749 165 1752 ·
264 1714 375 1807 Pylas,
398 1739 461 1807 per
483 1739 565 1807 quas
587 1712 672 1782 solas
685 1712 983 1823 asep'tentrionali
997 1730 1105 1804 parte
1100 1711 1195 1778 adm
1213 1713 1345 1779 Grae-

265 1822 315 1886 cia
329 1836 469 1914 poteret,
491 1821 646 1886 traiicere
667 1837 856 1899 conaretur,
880 1819 921 1884 ab
938 1815 1215 1934 Atheniensibus,
1241 1841 1325 1885 con-

265 1924 377 1992 festim
400 1922 522 1990 auxilio
547 1921 785 2005 advolantibus,
810 1924 989 2014 quominus
1023 1946 1110 2015 quae
1133 1915 1345 1990 cons'titue-

264 2046 318 2098 rat
340 2045 584 2118 exsequeretur,
607 2024 787 2118 impeditus
811 2043 868 2093 est.
913 2028 1123 2096 Postremum
1132 2025 1173 2092 -id
1190 2023 1321 2094 factum

266 2133 336 2196 c'sse
358 2127 500 2197 Diodor.
523 2131 631 2220 (XVI,
655 2132 712 2220 38)
735 2148 848 2198 narrat
871 2132 927 2200 Ol.
952 2131 1068 2214 CVII,
1095 2155 1123 2214 1,
1154 2131 1320 2198 archonte
1344 2163 1345 2198 ι

265 2231 489 2301 Aristodemo.
534 2237 649 2328 Longe
679 2233 842 2302 diversam
880 2237 1039 2328 temporis
1078 2251 1192 2303 notem
1222 2233 1317 2300 affert

140 2320 143 2332 ⁸
191 2336 197 2344 “
265 2339 423 2461 Dionysii
445 2337 526 2405 Hal.
541 2338 598 2444 (de
626 2339 799 2408 Dinarcho
828 2365 880 2406 nr.
907 2342 963 2431 13)
991 2339 1096 2423 loeus,
1126 2342 1187 2433 qui
1212 2336 1313 2428 vulgo

265 2446 313 2512 sic
336 2443 476 2538 legitur:
503 2445 601 2533 πρὸς
627 2442 872 2528 Βοιωτόν,
854 2445 932 2534 vnio
955 2451 1011 2512 τοῦ
1034 2444 1262 2530 ὀνόματος.-
1216 2439 1309 2506 -ti

175 2563 176 2568 ’
242 2549 377 2616 ,καὶ
323 2579 380 2636 μη
404 2561 471 2626 τοῖς
492 2550 597 2627 ἄλλοις
628 2551 658 2616 oi
680 2542 967 2635 Λημοσθίιονς’
948 2548 1175 2639 αφαιροιίμινοι
1202 2552 1314 2614 τοῦτον

263 2654 321 2718 τὸν
359 2651 452 2738 λόγον
489 2656 539 2716 καὶ
573 2651 747 2741 Διινιίρχιιι
774 2654 1004 2740 προςίιπτοντες
1041 2656 1229 2741 ἐλέγχοιντο,
1268 2655 1314 2741 τῷ

246 2836 249 2838 ‚
259 2754 366 2844 χρόνω
388 2749 471 2840 γὀὗν
499 2757 739 2837 ἒπιιλειχθιῖιν’“
721 2781 760 2819 αν
782 2757 978 2841 ψευδόμενοι.
1001 2761 1155 2845 μέμνηται
1176 2757 1239 2845 γὰρ
1267 2752 1316 2832 ὡς

264 2859 402 2922 νεωστὶ
434 2864 502 2941 τῆς
529 2860 582 2932 εἰς
611 2857 744 2940 Πύλας
773 2859 908 2938 ὶξόιλὸν
947 2863 1213 2950 γεγενημένης·
1243 2857 1315 2946 ἧδ’

265 2959 465 3036 urguetur
482 2959 700 3044 Ἀθηναίων
722 2961 886 3042 ἐξοδοςέ
890 2995 930 3031 πι
922 2965 1195 3052 ΘονμηίίοιιἸ
1174 2991 1316 3053 αρχον-

263 3089 329 3139 τος
346 3062 507 3150 ἐγένετο.
525 3101 567 3116 -
583 3062 652 3130 Sed
664 3078 780 3132 vocem
791 3069 904 3146 Πύλας
921 3069 1150 3190 depravatam
1146 3093 1216 3135 esee
1229 3088 1265 3137 et
1276 3092 1345 3136 ex

265 3155 458 3234 coniectura
491 3159 689 3260 negligentis
726 3157 907 3239 libralii'
897 3199 935 3239 ιιι
970 3192 1100 3242 textum
1139 3175 1316 3266 irrepsisse

262 3295 325 3364 pro
355 3296 432 3358 vere
467 3269 611 3339 lectione
640 3275 808 3359 Ταμύνας,
824 3301 947 3384 quam
964 3275 1117 3346 exhibet
1151 3302 1200 3345 or.
1240 3278 1345 3346 adv.

263 3375 377 3462 Boeot.
399 3401 434 3468 p.
456 3383 539 3468 999,
564 3375 651 3442 alii
642 3403 708 3444 ιιιιι
730 3361 944 3450 monuerunt.
988 3383 1032 3450 V.
1056 3381 1254 3451 CorsiniF.
1273 3383 1345 3449 A.

262 3477 340 3546 diss.
363 3457 433 3552 ΙΙΙ.
448 3504 476 3546 c.
505 3504 554 3569 19,
577 3480 703 3546 neoth
719 3483 847 3552 Oecon.
872 3488 932 3554 civ.
947 3487 1027 3554 Ath.
1044 3487 1120 3558 Vol.
1145 3489 1235 3580 Ilp.
1258 3488 1313 3567 6ι,

262 3589 331 3651 ιιοι.
360 3581 497 3674 1940·-
520 3583 678 3652 Contra
668 3609 705 3651 ιιι
725 3586 960 3688 Demosthenis
982 3593 1189 3662 orationibus
1183 3616 1314 3688 expe-

263 3688 399 3756 ditionis
421 3688 522 3755 huius
544 3690 655 3781 prime
676 3694 803 3759 mentio
826 3695 998 3762 invenitur
1020 3699 1066 3764 in
1088 3722 1136 3766 or.
1160 3716 1195 3776 9
1225 3693 1308 3763 Phil.

259 3791 290 3872 1,
318 3815 352 3885 p.
382 3791 444 3879 44,
478 3793 530 3858 his
560 3794 670 3862 verbis
700 3795 799 3862 facta.
832 3801 882 3866 δεῖ
905 3799 966 3886 γὰρ
1002 3803 1104 3892 ἐκείνῳ
1114 3791 1306 3894 [Φιλίππῳ]

195 3921 197 3926 ·
259 3903 353 3974 coito
376 3899 408 3963 ἓν
429 3904 468 3983 τῆ
489 3896 596 3986 γνώμῃ
617 3907 827 4034 pronutient,
853 3899 897 3980 ὥς
918 3902 1006 3988 ὑμεῖς
1028 3909 1066 3974 ἐκ·
1088 3911 1145 3992 τῆς
1167 3905 1311 4001 ἀμελείας

260 3998 377 4102 ταύτῃ
398 4009 455 4086 τῆς
476 4001 572 4086 ίίγαν,
608 4002 728 4093 cigneo
737 4009 781 4082 εἷς
808 4006 949 4088 Εὔβοιαν
976 4012 1026 4078 καὶ
1048 4005 1209 4096 πρότερόν
1235 4006 1311 4074 ποτί

260 4126 358 4202 φασιν
379 4106 423 4182 είς
439 4101 603 4194 Ἁλίαρτον
623 4110 674 4174 καὶ
696 4109 741 4176 τὰ
764 4116 973 4180 τελευταῖα
993 4113 1126 4206 πρῴην
1145 4116 1202 4191 ele
1222 4110 1310 4180 Ilv-
