2694 4784
664 333 823 440 Ab*

220 537 321 582 uerna
343 475 497 596 luneseia,
522 527 608 600 quae
630 501 721 597 apud
742 501 869 594 priscos
890 497 1114 568 Athenienses
1135 501 1272 570 tutila-

110 683 112 692 χ
220 614 460 711 phebolionem
499 608 687 690 incidebat,
723 609 792 674 iam
826 627 913 674 novo
947 603 1110 673 {asturum
1147 605 1273 674 ordine

147 759 149 768 =
223 718 417 802 introducto
441 711 877 792 iuxta-Hecatombneonem
906 707 1050 790 caderet,
1071 713 1275 802 praesertim

223 850 328 922 quum
350 839 465 889 nostra
487 816 724 890 Demosthenis
747 813 850 882 editio
873 837 911 880 ex
932 811 1063 907 duplici
1084 814 1202 908 ἀρχαίᾳ
1223 833 1276 883 at-

224 953 291 1024 que
314 925 468 1017 δημώδει,
500 946 602 1016 quam
624 919 792 1013 Ulpianus
813 935 923 999 vocat,
953 915 1096 986 eo'nilata
1126 921 1170 986 sit
1191 927 1276 1012 (qua

224 1034 327 1102 dere
351 1056 379 1099 v.
403 1052 487 1121 quae
510 1025 643 1096 disserit
668 1021 711 1096 ad
733 1026 830 1093 Dem.
860 1021 903 1089 de
930 1045 998 1090 cor.
1028 1047 1063 1116 p.
1092 1045 1157 1114 229
1179 1042 1214 1091 et
1236 1028 1277 1092 in

223 1135 362 1232 praefat.
385 1131 429 1200 ed
451 1130 659 1214 Midiauern).
703 1128 832 1197 Verum
864 1126 981 1219 opinio
1011 1125 1095 1195 baec
1117 1153 1136 1193 a
1157 1127 1276 1197 multis

225 1241 358 1333 explosa
391 1240 458 1306 iam
491 1236 734 1330 profligataque
769 1250 827 1298 est.
885 1231 982 1298 Fecit
1008 1233 1100 1299 enim
1131 1255 1277 1327 eompu-

133 1383 136 1390 ·
226 1347 388 1419 tationem
414 1365 509 1410 suam
536 1335 698 1431 Taylorus
731 1334 775 1402 ad
804 1359 882 1402 enm
909 1335 1076 1402 mensium
1105 1337 1277 1419 ordinem,

228 1474 330 1544 quem
352 1447 504 1518 Petevius
527 1442 688 1524 exhibuit,
710 1464 831 1533 neque,
854 1456 892 1506 ut
913 1463 932 1505 a
954 1438 1106 1508 Weiskio
1131 1439 1167 1532 (l.
1185 1465 1216 1508 c.
1240 1468 1276 1535 p.

234 1561 286 1644 19)
313 1567 403 1620 recte
430 1549 598 1618 monitum
620 1563 680 1628 est,
712 1543 954 1626 animadvertit,
977 1541 1016 1611 id
1034 1545 1131 1637 quod
1147 1571 1166 1610 a
1179 1547 1278 1615 Butt-

225 1680 358 1728 manno·
373 1656 440 1747 (ep.
454 1651 584 1728 Ideler..
597 1649 713 1723 histor.
728 1649 1000 1740 Untersuchung.
1022 1649 1109 1716 iiber
1121 1647 1153 1715 d.
1171 1667 1276 1719 astro-

225 1784 318 1832 nom.
341 1758 623 1852 Beobachtungen
638 1753 707 1852 ‘der
729 1757 770 1822 A.
794 1781 828 1848 p.
852 1751 916 1822 383
944 1757 1036 1848 sqq.)
1067 1752 1279 1822 demonstra-

226 1882 300 1936 tum
322 1883 389 1946 est,
411 1862 729 1930 Maemacterionem
756 1855 990 1950 Pyanepsione
1016 1859 1182 1951 priorem,
1210 1883 1279 1928 neo

229 1986 388 2062 quartum
410 1991 480 2034 esse
503 1968 584 2031 enni
605 1987 772 2045 mensem,
794 1959 854 2029 sed
875 1962 1043 2055 quintum.
1089 1963 1136 2029 Cf
1154 1960 1278 2031 Ideler.

6 2051 7 2060 ἵ
44 2051 52 2066 ’
162 2137 164 2146 .
228 2071 405 2145 Euchirid.
438 2065 599 2135 Chronol.
627 2067 705 2136 Vol.
741 2067 766 2132 Ι.
799 2088 834 2161 p.
863 2068 927 2156 275
957 2091 1032 2160 sqq.
1084 2065 1212 2134 Boekh.
1240 2070 1279 2134 in
1341 2117 1342 2172 ᾗ

228 2175 392 2247 Thesaur.
422 2173 593 2270 Inscriptt
614 2173 682 2238 Att.
704 2171 834 2260 m·.'71.·
884 2171 984 2263 Isque
1010 2193 1080 2241 non
1108 2195 1177 2240 nne
1206 2171 1277 2240 sole

231 2295 350 2359 aetate,
379 2276 438 2351 sed
460 2297 523 2369 per
546 2278 659 2348 omnia
689 2291 839 2368 tempora
866 2273 1034 2368 legitimus
1062 2275 1145 2344 ordo
1174 2275 1275 2342 inisse

229 2381 374 2466 videtur,
396 2399 435 2457 ut
457 2380 607 2456 Periclea
627 2397 734 2450 aetate
756 2377 892 2466 (Btickh.
914 2376 943 2462 l.
961 2403 989 2447 c.
1012 2403 1065 2447 nr.
1089 2388 1144 2470 7¹)
1167 2395 1197 2462 et
1216 2401 1271 2444 ae-

230 2507 296 2562 tate
317 2488 560 2585 imperatorum
582 2484 677 2578 (ibid.
700 2509 753 2557 nr.
777 2507 853 2575 270,
876 2483 961 2574 276).
1007 2483 1160 2569 Accedit,
1184 2481 1276 2577 quod

197 2628 199 2633 ·
228 2591 431 2690 Tayloriana
452 2594 516 2664 iste
537 2591 699 2664 fastorum
715 2589 866 2669 mutatio,
890 2610 931 2654 ex
953 2613 1021 2680 qua
1034 2589 1279 2658 Hecatombaeo

230 2699 269 2772 iu
292 2695 532 2794 Munychiouis
554 2691 668 2765 locum
697 2689 871 2762 trunslatus
894 2710 994 2773 esset,
1017 2717 1171 2785 necque
1194 2711 1283 2760 tem-

230 2823 324 2902 pore,
346 2821 410 2870 nec
432 2811 476 2866 au'
498 2797 636 2866 omniuo
664 2819 817 2892 unquam
845 2795 1020 2880 acciderit,
1055 2797 1283 2866 demonstrari

230 2919 351 3004 potest.
395 2900 619 2974 Mutationem
639 2897 800 2972 festorum
821 2901 1012 2972 Atticorum
1041 2905 1283 2986 intercessisse,

159 3067 161 3072 ,
232 3030 300 3106 quo
324 3024 475 3098 tempore
496 3021 687 3103 propagata·
705 3027 768 3098 per
788 3004 977 3077 Graeciam
990 3006 1154 3101 religione
1180 3007 1285 3074 Chri-

181 3151 182 3161 .
232 3113 340 3183 stirne
363 3109 511 3186 Graecae
541 3127 653 3203 gentes
682 3109 730 3182 ita
758 3109 856 3182 fastos
878 3111 1107 3192 instituerent,
1140 3128 1180 3179 ut
1202 3137 1285 3180 cum

231 3215 461 3289 Rornanorum
498 3213 635 3287 Iulianis
670 3211 891 3308 quadrarent,
921 3215 1142 3283 Buttmannus
1182 3213 1287 3286 docet

233 3321 303 3416 (ap.
327 3317 447 3394 Ideler.
460 3317 576 3391 histor.
591 3309 727 3390 Uuters.
750 3343 785 3417 p.
810 3317 886 3403 405.
910 3317 950 3386 cf.
970 3321 1054 3411 385)
1077 3347 1114 3388 ex
1130 3321 1288 3414 Epipha-

232 3427 292 3504 nio
315 3441 349 3494 et
370 3422 560 3516 menologio
583 3433 681 3503 msto,
704 3424 793 3519 typis
817 3439 944 3490 exarato
966 3424 1004 3494 in
1026 3423 1215 3524 appendice
1239 3426 1287 3495 ad

232 3529 276 3602 H·
307 3526 424 3622 steph,
446 3526 546 3594 Thes.
576 3524 638 3594 Gr.
667 3523 691 3594 l.
714 3523 776 3598 eol·
799 3527 879 3607 225,
908 3545 1039 3622 etpost
1061 3555 1138 3600 euno
1161 3528 1290 3599 Ideler..

234 3629 425 3724 (Euchirid.
450 3627 610 3702 Chronoi.
632 3627 711 3702 Vol.
734 3629 761 3702 I.
782 3655 817 3729 p.
841 3632 904 3700 360
926 3634 1028 3724 sqq).
1072 3635 1202 3703 Verum
1219 3637 1287 3703 ista

234 3736 396 3808 festorum
424 3736 610 3806 mutatione
640 3733 778 3808 initium
808 3735 887 3804 anni
916 3737 1074 3806 collatum
1107 3740 1149 3806 ab
1176 3740 1286 3808 Athe·

235 3840 408 3911 niensibus
437 3856 488 3912 est
517 3863 537 3906 a
564 3835 706 3913 solstitio
734 3841 856 3910 aestivo
885 3836 922 3908 in
951 3844 1202 3936 aequinoctium
1224 3869 1284 3928 au<

120 4032 122 4036 ι
164 4043 169 4050 .
236 3942 424 4024 cruciate,
454 3943 503 4016 ita
531 3960 570 4010 ut
591 3942 833 4016 Heeetnmbaeo
857 3943 1058 4039 Septembri,
1082 3949 1280 4044 Metagitnio

235 4045 455 4148 responderet
478 4047 639 4128 Octobri,
669 4045 707 4118 id
738 4047 832 4146 quod
853 4051 927 4120 iure
948 4051 1120 4124 Weiskius
1137 4076 1286 4144 ,conten-

59 4151 68 4253 J
143 4215 146 4220 .
237 4153 300 4244 dit,
321 4174 392 4242 uon
414 4150 516 4228 modo
538 4174 608 4226 uon
630 4149 756 4234 severe,
784 4177 901 4226 rerum
931 4157 1033 4228 etiam
1055 4158 1186 4232 obstare
1209 4162 1288 4254 opi-
