2706 4782
761 271 806 344 to

707 353 874 384 thanna-a

161 470 162 474 ’
208 436 210 441 ’
263 448 288 516 l.
311 471 340 516 e.
364 469 393 514 c.
417 467 460 536 29
497 463 679 513 enumerat.
724 443 949 538 Phocensium
976 447 1110 538 preeter
1130 447 1326 517 Locrenses

139 557 140 566 ’
264 553 513 644 Thebanosque
546 547 702 617 Thessali
730 551 885 618 acerrimi
913 549 1024 618 hostes
1052 549 1202 620 fuerunt.
1267 555 1326 622 Hit

264 655 421 724 omnibus
455 665 483 720 a*
503 655 728 724 Phocensium
757 667 870 746 parte»
886 651 1146 722 Lacedaemonii
1167 659 1325 726 maxime

141 773 145 786 ’
263 757 460 830 resistebant
489 776 523 828 et
549 759 787 838 Athenienses,
818 756 871 823 illi
901 757 1042 850 quidem
1068 758 1180 851 palam
1221 766 1324 830 armis

261 864 485 960 pecuniisque
507 863 682 957 sacrilegos
705 860 908 943 adiuvantes,
925 886 1033 955 quum
1047 878 1080 929 et
1092 865 1173 955 ipsis
1190 867 1244 934 ob
1270 892 1322 936 oo·

126 993 128 998 '
263 987 418 1061 cupatam
447 967 665 1036 ephoebida
694 965 875 1034 Cadmeam
905 990 1017 1034 arcem
1045 967 1143 1036 mille
1169 969 1340 1060 taleme,

263 1097 340 1140 rum
362 1069 531 1140 multaab
552 1071 857 1164 Amphictyonihus
885 1071 971 1137 facta
1011 1089 1096 1138 esset
1144 1075 1275 1162 (Diod.
1297 1075 1319 1143 l.

111 1193 113 1198 '
186 1215 188 1219 v
265 1186 323 1261 e),
351 1177 571 1244 Athenienses
595 1199 798 1269 quamquam
819 1173 910 1243 bello
941 1192 1013 1246 tum
1041 1200 1121 1243 cum
1150 1177 1319 1275 Philippo

145 1293 148 1299 '
193 1356 195 1361 ,
264 1281 421 1374 impediti
446 1281 544 1347 armis
567 1278 729 1348 dimicare
750 1280 862 1375 minus
891 1277 1074 1361 audebant,
1104 1279 1251 1350 foedere
1274 1301 1316 1350 ta·

261 1412 341 1454 meu
363 1391 398 1454 se
420 1410 499 1452 cum
520 1383 746 1453 Phocensibus
776 1385 1035 1470 coniunxerunt
1065 1385 1181 1474 (Diod.
1219 1387 1315 1468 XVI,
1339 1403 1340 1422 ¹

264 1515 317 1582 27.
362 1492 459 1558 Dem.
482 1516 516 1556 π.
534 1515 678 1578 παραπρ.
700 1515 734 1581 Ρ.
764 1488 838 1559 360.
882 1488 1002 1572 Aesch.
1019 1489 1070 1556 in
1093 1490 1181 1558 Ctes.
1211 1517 1252 1585 p.
1278 1514 1316 1582 70

261 1596 336 1685 in),
360 1617 400 1660 ex
420 1617 490 1686 quo
513 1593 673 1686 Pylarum
694 1593 878 1685 praecipue
901 1594 1066 1684 angustias
1083 1595 1230 1663 navibus
1256 1621 1317 1662 cu-

263 1697 402 1768 stodisse
428 1723 491 1792 per
521 1696 658 1792 aliquod
675 1695 772 1765 belli
802 1695 1015 1764 intervallum
1046 1697 1217 1766 videntur.
1270 1701 1315 1768 V.
1339 1709 1340 1764 l

68 1749 103 1857 ι’
214 1867 216 1871 .
262 1829 334 1898 cap.
357 1804 466 1871 h..nr.
488 1805 520 1872 6.
566 1801 628 1870 Ad
649 1801 767 1870 foedus
797 1801 862 1869 hoc
891 1799 970 1869 odio
999 1807 1200 1893 praesertim
1222 1806 1340 1873 The.

261 1907 429 1976 banorum
468 1903 605 1974 adducti
644 1925 738 1996 sunt,
779 1908 839 1998 qui
875 1903 1048 1998 deportata
1085 1905 1129 1974 ad
1166 1909 1313 1977 Leuctra
1339 1935 1340 1990 j

264 2012 405 2104 Olymp.
429 2012 508 2094 CII,
543 2035 562 2076 2
594 2011 734 2077 victoria
762 2010 1007 2102 superbiebant.
1057 2013 1311 2083 Exaoerbabant
1339 2009 1340 2080 ἶ

265 2139 320 2184 eos
344 2116 436 2190 enim
458 2115 593 2206 Oropus
616 2115 696 2180 urbs
705 2139 758 2197 ,·a
780 2115 951 2202 Thebanis
979 2134 1133 2209 surrepta
1161 2125 1204 2203 (r.
1237 2144 1340 2212 cap.
1339 2096 1340 2180 l

213 2247 214 2252 ¹
263 2245 339 2312 sup.
360 2244 413 2285 nr.
436 2220 490 2305 6),“
504 2216 627 2285 deinde
649 2217 778 2286 dirutae
801 2195 841 2286 ab
863 2219 982 2286 iisdem
1004 2220 1182 2312 opulentae
1203 2224 1340 2292 Boeo-

164 2365 166 2368 ·
260 2326 326 2392 tiae
356 2325 502 2392 civitates
539 2321 706 2408 Plataeae,
742 2323 990 2408 Orchomenus,
1022 2320 1189 2420 Thespiae
1219 2335 1301 2420 (cap.

261 2453 336 2525 sup.
358 2453 410 2498 nr.
435 2431 476 2516 5).
522 2429 574 2498 Cf.
597 2431 696 2498 Dent.
719 2451 767 2500 or
788 2443 852 2533 pro
875 2373 1079 2556 Megalopol.

81 2623 83 2628 ’
148 2679 149 2682 =
194 2655 195 2662 ¹
257 2639 290 2726 4.
314 2639 350 2726 οὗ
373 2641 417 2704 dt
435 2639 504 2724 lul·
528 2637 567 2704 οὗ
589 2637 650 2726 γὰρ
672 2636 712 2722 δὴ
735 2635 820 2724 ἔγωγ’
842 2635 1063 2726 ἔπολιτιυόμην
1083 2661 1133 2708 πω
1153 2638 1235 2709 τότε.

627 2749 630 2758 -
689 2741 772 2797 οιμρ.
785 2743 843 2791 (ιιι,
856 2745 876 2785 ι.

305 2820 590 2911 Demosthenes
632 2867 710 2914 vero
745 2843 834 2914 bello
874 2847 1040 2930 Phocensi
1075 2846 1340 2916 exardescente

119 2955 121 2958 ’
259 2947 392 3018 nullam
414 2946 555 3014 adhuc
544 2971 581 3014 m
591 2939 866 3028 administranda
886 2951 1069 3050 republica
1076 2955 1304 3023 auctoritatem

259 3053 416 3147 adeptus,
443 3051 533 3147 nihil
569 3052 612 3120 ad
642 3055 712 3121 eius
746 3057 914 3148 originem
943 3044 1121 3125 contulisse
1148 3079 1184 3124 se
1213 3057 1303 3126 dicit
1339 3061 1340 3130 ι

221 3245 225 3250 “
254 3161 342 3228 Nam
359 3156 496 3250 Ol'ymp
520 3155 656 3226 demum
679 3159 769 3242 CVI,
792 3161 1020 3229 horationem
1042 3160 1085 3229 de
1084 3161 1302 3284 ‘Symmoaiis
1339 3177 1340 3184 ’

256 3262 383 3344 habuit,
406 3287 508 3356 quam
526 3265 716 3333 orationum
731 3266 801 3332 eius
814 3264 1029 3358 publicarum
1039 3267 1184 3359 primam
1201 3265 1303 3334 fluisse
1339 3295 1340 3304 ¹

255 3369 398 3460 Dionys.
440 3366 515 3433 Hal.
551 3374 617 3462 (ep.
652 3368 696 3436 acl
727 3369 838 3436 Amm.
867 3369 896 3459 §.
934 3369 972 3460 4)
1008 3369 1118 3438 tradit.
1180 3369 1301 3439 Exorto

241 3473 361 3564 igitur
387 3471 456 3538 iam
482 3470 573 3540 hello
596 3479 691 3558 sacro
721 3475 771 3540 rei
800 3471 953 3567 publicae
984 3474 1213 3570 gubernacula
1234 3477 1340 3543 De-

254 3571 464 3645 mosthenem
493 3579 644 3670 primum
676 3579 853 3673 capessisse
882 3596 983 3675 patet.
1034 3578 1085 3648 Cl.
1115 3580 1204 3648 Plut.
1232 3579 1301 3646 De·

133 3737 141 3762 ,,
253 3681 373 3754 mosth.
396 3704 425 3749 c.
453 3703 502 3748 12.
