2740 4774
544 249 700 370 ..nr-

100 435 234 530 'Magnis
264 431 503 501 Panathenaeis
536 451 570 501 et
605 434 777 526 Dionysiis
808 427 980 522 (urbanis)
1012 420 1146 523 pr‘aedi·

103 536 220 606 canda.
250 531 252 536 ¹
280 537 441 629 Dionysia
463 538 628 630 cuiusque
659 539 739 604 anni
770 535 1050 629 Elaphebolione,
1086 539 1147 603 Pa·
1238 575 1239 580 ι

103 642 289 710 nathenaee
319 641 441 732 Magna
471 665 558 710 anuo
598 628 733 734 quoque
771 640 1014 735 Olympiadum
1048 643 1144 708 tertio

102 768 217 813 mense
254 743 542 812 Hecatomhaeone
575 746 764 836 agebantur.
827 744 932 812 Unde·
973 744 1145 810 decretum

102 869 286 942 utrumque
319 847 361 916 ad
388 847 668 926 Boedromionem
699 848 838 916 secundi
866 850 945 914 anni
967 839 1145 969 Olympici

104 977 174 1021 esse
203 952 416 1020 referendum
442 969 542 1046 patet.
596 955 665 1019 Iam
692 976 770 1022 uero
806 955 842 1019 in
871 952 976 1045 priori
1011 949 1144 1035 decreto

105 1081 229 1126 corona
259 1055 448 1124 decernitur
478 1055 638 1136 Nausicli,
669 1063 713 1148 τῷ
735 1059 784 1126 ἐπὶ
805 1065 868 1124 τῶν
896 1057 1015 1140 ὅπλων,
1040 1056 1155 1149 quod,

105 1185 210 1254 quum
232 1159 489 1227 Atheniensium
516 1160 574 1226 bis
597 1157 691 1226 mille
720 1159 908 1253 hoplitae
898 1186 935 1227 tn
958 1160 1071 1229 Imbro
1095 1185 1145 1226 es-

104 1281 189 1346 sent,
211 1263 261 1330 fer
244 1282 402 1356 rentque
425 1261 584 1329 auxilium
610 1263 868 1337 Atheniensibus
899 1263 1025 1330 insulae
1045 1262 1164 1331 buius
1232 1331 1234 1337 s

104 1367 242 1448 colonis,
264 1367 316 1434 his
339 1370 382 1435 sit
404 1365 446 1433 de
468 1369 608 1466 proprio
627 1368 801 1461 stipendia
829 1366 983 1460 largitus3
1015 1369 1048 1433 in
1080 1391 1144 1460 po-

103 1473 233 1541 steriori
262 1463 464 1538 Charidemo
494 1488 527 1538 et
539 1469 724 1553 Diotimo,
756 1471 884 1564 quod
874 1497 911 1538 ιιι
933 1470 1142 1564 expeditione
1263 1448 1266 1454 Ι
1365 1533 1366 1540 ,

104 1574 310 1643 Salaminem
338 1575 454 1655 missa,
484 1599 588 1666 quum
620 1575 777 1643 nonnulli
807 1575 971 1643 milites
962 1601 998 1641 ιιι
1029 1599 1142 1668 pugna

104 1680 147 1747 ad
168 1680 307 1756 fluvium
330 1678 464 1772 spoliati
486 1679 527 1745 ab
549 1678 697 1745 hostibus
720 1665 842 1762 essent,
865 1682 932 1747 suis
954 1679 1142 1770 sumptibus

22 1829 28 1838 ·
103 1780 238 1852 iuvenes
272 1783 471 1874 octingentis
503 1780 627 1875 clypeis
654 1783 879 1849 instruxerint.
933 1781 1022 1848 Haec
1046 1801 1142 1874 erpe-

102 1888 185 1958 ditio
212 1888 412 1968 Salaminia,
444 1889 561 1978 quurn'
578 1885 710 1952 decreta
741 1887 858 1954 eodem
890 1909 1003 1952 mense
1026 1903 1060 1950 et
1087 1882 1144 1949 die'

102 1993 169 2060 lata
189 1995 266 2074 sint,
289 1993 382 2058 brevi
405 1991 564 2082 temporis
587 1993 692 2081 spatio
723 1988 909 2084 postillam
932 1991 970 2057 ln'
992 1989 1142 2054 Imbrum

103 2098 263 2165 acciderit
285 2107 418 2174 necesse
441 2113 500 2174 est,
524 2115 611 2161 anno
635 2112 745 2160 tamen
767 2093 913 2174 diuerso,
933 2092 1024 2184 quod
1046 2089 1141 2157 alteri

102 2198 287 2280 Nausicles,
310 2197 327 2265 ὁ
350 2200 472 2266 ἐπὶτῶν
493 2197 606 2279 ὅπλων,
629 2199 782 2288 praefuit,
792 2196 895 2282 alteri
909 2194 1140 2276 Charidemus,

102 2307 183 2374 item
204 2305 252 2372 tut
273 2309 337 2382 τῶι
359 2303 462 2368 ὅπλων
484 2303 666 2388 στρατηγός.

189 2407 305 2499 Itaque
329 2393 477 2497 quaestio
499 2407 566 2470 iam
587 2405 674 2471 redit
696 2406 738 2472 ad
760 2405 984 2497 expeditiones
1007 2403 1081 2471 illas
1103 2406 1138 2469 ln

104 2512 254 2580 Imbrum
277 2528 309 2576 et
332 2508 543 2575 Salaminem.
591 2509 742 2575 Imbrum
770 2510 1015 2576 Demosthenen
1037 2526 1140 2576 aetate

102 2640 178 2702 una·
198 2639 275 2680 cum
304 2615 431 2710 Lemno
461 2607 600 2714 aliisque
637 2611 727 2680 illius
758 2615 903 2708 reglonis
936 2611 1053 2680 insulis
1075 2614 1139 2678 bis

103 2717 303 2790 devastatam
330 2719 503 2802 novimus,
528 2716 583 2782 Ol.
616 2717 708 2799 CVI,
744 2742 754 2784 ι
788 2743 807 2784 a
834 2720 932 2789 sociis
959 2715 1140 2784 rebellibus

102 2820 288 2888 secuudum
317 2821 457 2887 Diodor.
492 2821 588 2900 XVI,
623 2845 682 2903 at,
716 2819 840 2889 deinde
863 2820 917 2889 Ol.
942 2821 1036 2902 CVI,
1060 2825 1141 2914 ssa

35 2995 44 3016 .
102 2926 262 3018 Philippo
291 2923 476 2992 seeundum
503 2926 673 2993 Demosth.
700 2924 889 3017 Phil.1.p.
914 2926 968 3016 49.
1019 2927 1062 2994 V.
1078 2927 1140 2994 'su-

63 3048 76 3058 ··
102 3055 166 3124 pra
189 3030 215 3110 I,
237 3052 269 3118 9,
292 3025 402 3121 p.'59.
448 3030 488 3096 In
511 3028 692 3096 Salaminia
715 3028 930 3124 expeditione.
947 3031 1142 3122 ambiguum

104 3153 163 3214 est,
187 3131 325 3200 Salamis
349 3133 501 3199 AttIcane
523 3132 727 3225 intelligatur
749 3158 790 3200 an
817 3132 951 3225 Cypria.
996 3137 1142 3216 Atticam
1183 3157 1187 3164 ·

105 3237 310 3307 Salaminem
333 3253 438 3302 aetate
459 3237 703 3303 Demosthenes
730 3239 955 3330 impugnatam
983 3263 1052 3306 esse
1081 3242 1141 3333 qui

193 3489 292 3660 quod
308 3555 380 3614 illud
408 3555 496 3615 latum
523 3558 558 3616 sit
584 3551 690 3638 γνώμῃ
716 3557 833 3632 βουλίὶς
860 3553 911 3618 καὶ
941 3551 1058 3636 δῆμον,
1087 3560 1144 3626 hoe
1199 3581 1201 3586 “

192 3637 370 3723 κρυνάνιων
391 3636 541 3723 λεγόντων
553 3640 677 3721 βουλῆς
697 3636 813 3727 γνώμῃ.
858 3644 918 3704 Sed
939 3643 1068 3705 formulis
1088 3645 1142 3720 his,

194 3731 335 3810 explicatu
357 3752 424 3790 sane
443 3729 663 3806 difficilioribus,
685 3731 725 3789 nil
746 3733 1007 3812 significatur,n1si
1030 3731 1145 3794 decreta

194 3816 230 3876 ab
253 3838 311 3876 uno
335 3815 454 3898 quidem
474 3815 638 3898 eodemque
660 3818 774 3878 homine
797 3840 858 3879 esse
878 3821 1047 3901 conscripta,
1069 3837 1145 3902 quae

195 3913 288 3962 tameo
316 3903 369 3962 lata
406 3905 461 3963 sint
490 3905 599 3963 ratione
630 3903 757 3980 diversa,
789 3905 821 3966 id
847 3905 930 3988 quod
951 3907 1021 3967 nihil
1042 3905 1146 3992 obstat,

182 3989 350 4070 «quominus
380 4005 535 4072 utrumque
563 3991 645 4048 slmul
673 3992 761 4050 latum
788 4007 949 4052 statuamus.
1001 3993 1040 4056 V.
1072 4017 1146 4080 qrrae
1184 4027 1188 4038 ·

196 4077 283 4160 paulo
307 4075 423 4137 inlenus
447 4076 483 4138 tle
506 4076 635 4144 formulis
658 4077 711 4140 illis
735 4077 950 4163 disputabimus.
1156 4071 1159 4077 ⁵
