2706 4782
597 279 642 347 19

88 465 224 538 pressas
251 441 400 511 Athenas
427 445 637 541 principatus
667 463 760 515 tanta
788 445 917 540 ubique
949 448 1143 517 anctoritate

87 551 174 632 fuit,
204 564 244 614 ut
264 545 436 642 quidquid
458 551 586 618 iussum
614 575 634 617 a
660 551 732 620 viro
758 549 1024 621 Lacedaemonio
1047 569 1142 636 esset,

87 655 130 721 in
158 675 200 720 eo
229 675 345 720 omnes
375 645 537 722 Graeciae
570 655 717 724 civitates
747 655 994 747 obtemperasse
1026 657 1142 752 Xeno-

87 755 187 852 phon
209 755 308 824 dicat.
352 757 528 840 Hell.⁸llI,
555 783 583 840 ι,
607 764 637 828 5.

180 863 447 953 Megarenses
470 863 551 936 inde
574 889 593 928 a
614 866 726 958 primo
747 853 830 932 belli
852 865 952 932 initio
974 863 1141 933 Lacedae-

91 967 287 1036 moniorum
306 965 462 1036 adversus
484 968 706 1038 Athenienses
735 971 819 1037 socii
847 986 951 1036 erant
997 969 1162 1064 olymp·

88 1071 293 1152 LXXXIX,
326 1096 338 1138 ι
379 1073 459 1140 ortis
493 1074 636 1140 internis
666 1074 774 1142 turbis
798 1097 903 1166 quum
924 1094 992 1138 una
1013 1075 1140 1142 civium

87 1199 168 1270 pars
199 1200 277 1242 eum
298 1175 558 1244 Atheniensibus
586 1180 711 1272 pacisci
732 1193 908 1258 statueret,
931 1195 1027 1270 capta
1049 1191 1139 1246 esta

85 1278 227 1348 Brasida
247 1279 340 1362 urbs,
363 1279 542 1375 exulesque
563 1283 601 1349 in
624 1307 698 1350 eam
721 1281 863 1349 reducti
887 1282 1023 1350 victoris
1045 1284 1139 1348 ausi-

85 1384 136 1453 lio
167 1381 384 1476 oligarchiam
416 1385 562 1477 Megaris
593 1387 827 1472 instituerunt,
864 1409 971 1478 eaque
1012 1383 1137 1454 deiude

83 1505 255 1583 perpetua
289 1485 496 1582 reipublicae
526 1491 632 1560 forma
659 1491 845 1585 permansit
880 1487 1046 1583 (Thucyd.
1076 1490 1137 1571 IV,

84 1593 156 1685 74),
178 1617 243 1686 per
257 1618 362 1685 vam
375 1595 490 1662 civitas
505 1597 661 1687 sequenti
675 1594 757 1662 belli
774 1594 962 1688 Peloponn.
985 1607 1137 1687 tempore
1165 1675 1168 1688 Ι

82 1721 161 1767 non
181 1696 294 1765 solum
324 1722 366 1764 ex
387 1687 731 1768 Lacedaemoniorum
760 1701 898 1766 arbitrio
924 1698 1136 1792 pependisse,

85 1827 207 1873 verum
239 1803 340 1869 etiam
360 1801 403 1868 ab
425 1827 543 1871 eorum
563 1802 741 1896 praesidiis
763 1801 928 1870 custodita
950 1827 1020 1871 esse
1041 1801 1136 1871 vide-

84 1925 155 1978 tur.
200 1907 244 1976 V.
267 1905 464 1974 Schneider.
488 1907 531 1975 ad
554 1910 640 1975 Xen.
663 1907 754 1975 Hell.
777 1909 804 1989 l,
831 1931 859 1988 t,
882 1906 935 1975 36.

174 2013 407 2105 Aeginetae
430 2014 510 2106 quia
532 2013 619 2080 elam
641 2011 920 2080 Lacedaemonios
942 2007 986 2078 ad
1006 2008 1136 2078 bellum

84 2116 232 2184 Athenis
270 2115 487 2188 inferendum
520 2117 800 2197 exsufflassent,
841 2105 947 2183 eiecti
978 2113 1057 2182 sede
1091 2113 1134 2180 ab

85 2221 352 2288 Atheniensibus
381 2240 460 2289 sunt
487 2221 636 2290 secundo
664 2220 749 2289 belli
777 2209 815 2286 P.
846 2241 953 2301 anno,
992 2217 1134 2310 Olymp.

85 2325 306 2406 LXXXVII,
336 2349 375 2411 23
408 2329 605 2420 receptique
627 2353 646 2393 a
667 2323 940 2392 Lacedaemoniis
962 2319 1136 2416 Thyreant

85 2431 263 2520 regionem
285 2431 375 2496 inter
395 2429 593 2523 Argolidem
626 2447 660 2497 et
680 2431 882 2498 Laconicam
914 2429 1013 2494 sitam
1040 2427 1136 2502 inec*

92 2529 227 2600 luerunt
247 2534 370 2619 (Thac.
392 2536 438 2617 II,
461 2545 526 2626 27),
549 2534 658 2601 donec
671 2533 810 2627 Olymp.
834 2531 960 2612 XCIII,
981 2531 1005 2615 4
1025 2555 1046 2597 a
1067 2531 1137 2622 Ly-

88 2637 210 2706 sandro
233 2637 277 2705 ad
297 2634 496 2708 obsidendas
519 2637 623 2716 classe
644 2639 793 2705 Athenas
813 2634 993 2704 accedente
1016 2635 1053 2702 in
1074 2653 1136 2727 pa-

86 2743 189 2810 triam
215 2745 362 2811 restituti
394 2762 481 2812 sunt.
525 2744 683 2838 Xenoph.
713 2743 737 2811 l.
766 2768 795 2810 ca
819 2741 871 2824 11,
899 2757 999 2830 a,9.
1042 2737 1133 2806 Plut.

84 2846 236 2940 Lysand.
259 2871 288 2914 c.
315 2847 364 2935 14.

175 2952 231 3018 De
253 2951 444 3035 Cleonis,
465 2952 630 3021 mediocri
652 2948 798 3044 oppido,
820 2952 857 3015 in
878 2951 930 3016 via
951 2947 1026 3027 sito,
1048 2961 1135 3038 quae

82 3055 188 3150 Argis
205 3055 411 3124 Corinthum
431 3056 573 3124 ducebat
595 3055 720 3147 (Strab.
742 3055 837 3135 VIII,
860 3079 895 3146 p.
912 3053 1016 3142 377.),
1041 3039 1136 3141 quod

81 3163 156 3229 hnc
187 3162 372 3254 pertineat,
400 3159 487 3228 nihil
516 3163 695 3252 scriptores
720 3157 881 3226 referunt.
931 3155 1005 3230 Hoc
1026 3152 1136 3220 solnm

83 3283 220 3334 constat
241 3264 447 3358 e'beucyd
475 3267 520 3348 V,
541 3267 603 3356 67,
628 3262 812 3330 Cleonaeos
838 3260 971 3352 Argivis
991 3259 1135 3339 iunctos,

83 3372 151 3464 qui
178 3371 247 3463 ipsi
276 3369 536 3438 Atheniensium
569 3369 653 3437 socii
682 3383 778 3434 erant
805 3364 886 3431 inde
921 3363 964 3430 ab
994 3362 1135 3455 Olymp.

84 3475 293 3556 LXXXIX,
322 3473 363 3560 4,
380 3479 461 3540 'una
490 3498 567 3541 cum
594 3473 648 3540 his
676 3471 781 3540 altera
804 3467 891 3537 belli
912 3467 1135 3561 Peloponnes.

85 3598 186 3674 parte
209 3579 366 3648 adversus
386 3577 666 3647 Lacedaemonios
694 3599 883 3669 pugnasse..
914 3569 1137 3662 statuendum

91 3687 196 3776 igitur
225 3701 276 3750 est
305 3705 347 3750 ex
374 3683 440 3752 hoc
470 3681 705 3751 Demosthenis
733 3680 826 3761 loco,
855 3673 1136 3746 Lacedaemonios

85 3790 249 3882 sequenti
281 3786 395 3880 aliquo
424 3806 575 3882 tempore
604 3785 727 3853 urbem
755 3785 845 3852 hanc
865 3785 903 3850 in
924 3793 1020 3849 suam
1039 3778 1138 3846 reda:

87 3899 179 3988 gisse
200 3909 408 3986 potestatem.
537 3975 540 3983 ¹
739 3983 742 3990 Ι
837 3979 840 3986 Ι

182 3996 370 4079 insulae,
392 4021 412 4063 a
433 3995 659 4064 Demosthene
679 3994 801 4063 ultimo
829 3993 905 4064 locc
924 3993 1139 4062 memoratae,

89 4103 196 4171 maris
217 4103 323 4194 Aegei
343 4103 556 4194 potissimum
577 4097 818 4192 intelligendae
838 4115 933 4182 sunt,
955 4117 1040 4191 quas
1060 4099 1144 4160 σ’σιίὅ

768 4201 819 4274 21¹*
