2740 4774
692 308 859 422 Q,

80 503 85 522 ⁸
159 533 177 558 „
248 462 387 568 secundi
417 479 684 576 Elaphebolione
715 471 936 570 celebrandis,
967 486 1060 579 quod
1089 487 1146 556 ille
1168 513 1288 558 munus

248 588 317 652 iam
340 584 553 678 deposuerat,
582 585 718 656 fortasse
749 591 850 656 etiam
879 591 1023 660 rationes
1044 591 1219 675 retulerat,
1242 595 1288 676 hi,

247 708 426 784 postquam
454 696 578 758 munus'
606 689 716 785 elapso
747 692 804 759 Ol.
838 695 915 762 CVI
948 720 976 762 a.
1012 719 1031 762 a
1064 695 1288 789 deposuerint,
1336 763 1339 770 .

248 795 454 888 insequentis
485 798 586 877 anni,¹
609 795 666 862 Ol.
699 797 796 878 CVI,
828 801 859 879 3,
884 800 1016 890 Magnis
1039 801 1288 883 Panathenaeis,

186 893 189 897 ’
247 900 539 969 Hecatombaeone
562 900 715 992 agendis,
744 901 868 968 deinde
890 903 1013 968 iterum
1036 903 1187 972 eiusdem
1210 908 1289 972 anni

247 1005 449 1096 Dionysiis,
466 1005 531 1071 hoc
555 1021 603 1071 est
629 1004 685 1072 Ol.
714 1004 807 1088 cvl,
839 1008 858 1076 3
889 1003 1161 1098 Elaphebolione.
1215 1009 1290 1076 Sci-

245 1106 325 1174 licet
350 1108 388 1174 hi
418 1107 516 1174 simul
547 1133 625 1175 cum
652 1109 806 1176 Nausicle
841 1109 898 1176 Ol.
929 1109 1024 1192 CVI,
1056 1135 1075 1177 2
1116 1111 1287 1206 Dionysiis

247 1214 401 1281 coronari
423 1211 577 1279 nondum
597 1230 763 1307 poterant,
786 1212 878 1306 quod
906 1215 952 1280 eis
985 1211 1029 1280 ad
1056 1213 1159 1282 finem
1182 1241 1288 1308 usque

246 1317 337 1384 anni¹
369 1341 489 1383 munus
525 1315 710 1408 gerendum
748 1335 835 1400 erat,
872 1336 906 1387 et
936 1316 1025 1409 leges
1054 1319 1201 1388 mediam
1233 1322 1288 1386 in-

246 1441 298 1490 ter·
332 1422 481 1488 muneris
523 1419 845 1490 administrationem
886 1423 1094 1514 magistratus
1131 1427 1285 1492 coronari

245 1528 411 1596 vetabant.
469 1528 579 1609 Quam
615 1525 660 1614 oh
687 1551 761 1594 rem
792 1525 978 1592 differenda
1005 1550 1148 1596 coronae
1190 1553 1285 1620 prae·

243 1632 368 1700 'dicatio
412 1647 483 1698 erat
521 1653 629 1721 usque
667 1629 710 1696 ad
746 1631 953 1723 insequentis
997 1633 1078 1697 anni
1112 1631 1286 1726 Dionysia.

132 1805 136 1813 ,
246 1739 340 1821 Quae
363 1754 475 1804 tamen
503 1758 609 1827 quum
631 1732 896 1826 Elaphebolione
923 1733 1061 1826 demum
1080 1741 1205 1821 mense,
1229 1736 1286 1805 Ol.

246 1843 336 1923 CVI,
359 1844 379 1910 3
403 1838 530 1932 agenda
552 1854 676 1918 essent,
700 1835 829 1903 duobus
856 1836 927 1914 fere
954 1840 1050 1906 annis
1080 1839 1164 1908 facta
1190 1863 1287 1910 coro-

243 1948 337 2014 natio
366 1963 450 2012 esset
475 1961 676 2036 postquam
699 1938 919 2008 Charidemus
942 1957 975 2009 et
996 1944 1226 2014 Diutimusrde
1247 1966 1286 2013 re

245 2049 383 2143 publica
404 2048 491 2114 hehe
513 2055 714 2113 meruerant
760 2044 875 2136 ltaque
895 2057 949 2112 ne'
967 2045 1090 2115 Mutius
1108 2048 1213 2117 honos
1238 2053 1286 2118 eis

246 2155 453 2236 detineatur,¹
483 2150 691 2230 decernitur,
714 2164 750 2215 ut
772 2173 877 2240 quum
902 2151 1052 2244 primum
1076 2177 1197 2220 munus
1226 2153 1286 2222 de·

244 2259 441 2351 posuissent,
464 2255 663 2322 instantibus
686 2253 818 2344 Magnis
840 2255 1093 2338 Panathenaeis,
1122 2279 1210 2350 quae
1230 2259 1285 2324 in-

171 2363 174 2370 ’
245 2363 414 2456 sequentis
436 2361 527 2442 anui,
552 2358 608 2426 ol.
623 2358 711 2438 cvl,
735 2358 767 2440 3,
779 2357 1064 2429 Hecatumbaeone
1087 2360 1285 2428 celebranda

137 2505 140 2517 ·
246 2485 351 2548 erant,
374 2489 517 2535 coronae
538 2461 745 2556 praedicatio
776 2460 843 2529 fiat
887 2463 933 2530 At
953 2465 992 2530 in
1023 2465 1155 2556 Magnis
1178 2466 1285 2532 Pana·
1316 2467 1319 2474 ’

244 2573 408 2655 thenaeis,
431 2571 491 2636 etsi
518 2593 556 2634 ea
579 2567 808 2661 gravissimum
830 2583 938 2634 essent
958 2566 1079 2635 festum
1105 2570 1283 2652 urbanum,

245 2689 448 2744 tamennon
479 2671 663 2738 edebantur
690 2669 839 2752 fabulae,
873 2669 932 2738 sed
961 2674 1156 2762 gymnicum
1181 2673 1285 2743 modo

244 2785 424 2858 certamen,
445 2800 516 2844 non
537 2765 725 2843 confluebat
735 2774 875 2842 Graecia
895 2772 1052 2842 ludorum
1072 2777 1285 2845 theatralium

245 2908 356 2965 causa,
385 2881 423 2948 id
455 2879 550 2973 quod
577 2878 679 2946 fiebat
706 2879 745 2945 in
774 2880 942 2970 Dionysiis
971 2881 1130 2963 urbanis,
1159 2883 1283 2974 quibus

243 2989 324 3054 novi
357 2983 507 3078 tragoedi
532 2985 570 3051 in
596 3007 729 3052 scenam
759 2980 950 3075 prodibant.
1000 2983 1051 3050 Ne
1083 2985 1185 3076 igitur
1211 3011 1284 3052 ma·

243 3092 363 3159 turiori
385 3111 528 3158 coronae
549 3085 799 3183 praedicatione
819 3087 925 3154 honos
948 3087 1195 3180 quodammodo
1217 3090 1284 3155 mi-

242 3213 419 3275 rueretur,
451 3194 616 3286 Dionysia
645 3194 745 3259 etiam
771 3193 809 3257 in
838 3191 972 3276 decreto
999 3192 1178 3259 adduntur.
1231 3195 1283 3260 Ita

243 3300 293 3382 fit,
315 3315 354 3366 ut
375 3297 547 3365 Nausicles
575 3295 655 3364 solis
682 3296 852 3388 Dionysiis
875 3315 1071 3378 coronetur,
1102 3296 1159 3364 Ol.
1189 3296 1281 3378 CVI,

243 3427 275 3484 a,
299 3399 519 3469 Charidemus
542 3417 576 3468 et
595 3401 763 3468 Diotimus
793 3398 850 3468 Ol.
880 3399 974 3481 CVI,
998 3401 1017 3469 3
1050 3417 1221 3492 tamquam
1244 3402 1282 3466 in

243 3525 449 3574 antecessum
475 3505 716 3572 Panathenaeis
745 3505 892 3597 primum
926 3505 1077 3595 Magnis,
1103 3505 1282 3573 Hecatom-

240 3611 376 3680 baeone
391 3607 537 3702 agendis,
562 3606 694 3690 deinde,
716 3605 754 3673 id
777 3606 869 3702 quod
889 3608 1026 3676 honoris
1048 3631 1177 3675 summa
1199 3628 1279 3702 erat,

241 3716 413 3807 Dionysiis
444 3713 671 3781 Panathenaea
704 3713 828 3806 Magna
863 3710 1129 3806 Elaphebolione
1164 3737 1281 3780 menae

240 3817 468 3911 sequentibus.
480 3818 511 3906 *)

239 4001 551 4013 mna-vn·-

283 4115 309 4204 ')
332 4117 402 4196 lade
424 4119 558 4180 illustrari
588 4118 672 4180 etiam
693 4119 823 4196 videtur,
851 4135 902 4178 cur
936 4115 1084 4182 decretum
1113 4115 1151 4178 de
1171 4115 1274 4179 Nausi-
