2706 4782
141 1408 453 1542 Humamtatem,
467 1442 647 1541 Boeekhi,
660 1447 716 1524 vir
731 1444 1054 1547 praestantissime,
1072 1469 1182 1548 qmm

141 1569 255 1670 vulgo
295 1584 437 1669 gratam
475 1566 577 1642 illam
612 1569 723 1641 animi
757 1580 893 1642 vocant
936 1565 1180 1664 affectionem,

118 1715 239 1794 ,quae
266 1692 305 1762 in
332 1686 625 1779 mansuetudine,
652 1689 917 1788 inaequitate,
949 1690 989 1762 in
1015 1689 1183 1766 dexteri-

143 1827 225 1904 tate,
252 1813 292 1884 in
316 1807 539 1883 liberalitate
573 1806 735 1908 denique
769 1810 946 1904 cernitru,
970 1812 1064 1884 acite
1089 1810 1182 1888 milti

7 1975 8 1980 =
139 1933 281 2036 antiqui
295 1933 546 2004 Romanorum
572 1931 784 2045 scriptoreo,
811 1931 878 2030 qui
902 1927 1031 2006 verbis
1057 1930 1181 2032 probe

139 2056 200 2129 usi
235 2067 338 2144 sunt,
373 2048 621 2127 eruditionem
656 2049 766 2125 simul
799 2049 1076 2154 doctrinamque
1102 2078 1181 2126 no-

140 2176 301 2248 minasse
334 2169 526 2266 ridentur,
563 2187 605 2247 ut
643 2169 797 2271 paulum
831 2172 944 2247 modo
985 2172 1193 2250 humanior.

141 2295 243 2369 idern
265 2296 319 2368 eis
333 2292 473 2368 valeret
491 2308 528 2367 et
549 2291 704 2378 doctior.
755 2283 932 2368 Nimirum
945 2293 1001 2372 ilii
1015 2319 1092 2370 non
1107 2284 1189 2370 una

142 2438 239 2491 rone
260 2414 322 2486 -ad
351 2414 513 2489 diversas
556 2413 843 2514 signifieatioues
884 2430 1026 2489 temere
1067 2414 1183 2508 abuti,

144 2530 216 2607 sed
242 2557 288 2607 eo
313 2530 354 2606 id
378 2537 504 2634 potius
529 2533 738 2636 siguificare
767 2533 954 2628 volebant,
978 2538 1075 2610 inter
1100 2535 1181 2614 illas

144 2658 309 2745 virtutes,
336 2680 434 2756 quae
466 2655 660 2729 hominem
693 2658 804 2731 onice
832 2655 999 2750 deceant,
1025 2670 1064 2732 et
1088 2682 1181 2731 eru-

141 2775 317 2850 ditionem
350 2778 574 2850 artissimum
605 2775 791 2851 vinculum
831 2778 1029 2871 interesse,
1062 2793 1181 2879 utque

140 2912 309 2973 ueterum
344 2896 498 2999 qnidam
533 2896 643 2991 dixit,
684 2900 749 3000 qui
789 2899 933 2974 sineere
967 2898 1108 2973 litteras
1142 2910 1181 2973 et

138 3017 258 3108 bonas
285 3034 384 3092 artes
411 3019 564 3120 cupiant
577 3034 843 3120 appetantque,
859 3043 926 3094 eos
951 3018 1182 3095 velmaxime

141 3164 223 3214 esse
249 3138 445 3228 humanos.
497 3143 617 3240 Atque
638 3139 707 3213 fuit
724 3138 927 3241 quondam,
953 3165 1071 3240 quum
1086 3142 1180 3241 ipsis

139 3261 201 3336 his
226 3262 372 3340 nostris
390 3265 624 3360 antiquarum
656 3259 860 3336 litterarum
892 3259 1042 3356 studiis,
1077 3283 1181 3362 quo-

139 3406 224 3459 rum
258 3405 359 3454 nune
392 3380 620 3482 philologiae
653 3381 818 3483 amplum
850 3406 990 3457 nomen
1016 3384 1182 3457 eircum-

140 3501 276 3593 fertur,
316 3499 411 3576 haeo
445 3499 630 3606 quaedam
670 3506 821 3604 propria
852 3506 968 3578 virtus
1011 3502 1181 3597 dabatur,

141 3620 248 3724 quod
283 3624 470 3723 ingenium
505 3639 541 3698 et
575 3648 698 3698 mores
740 3649 831 3724 prae
873 3623 1007 3699 ceteris
1049 3624 1181 3699 litteris

140 3742 307 3844 expolire
343 3760 380 3817 et
412 3742 612 3820 humanam
647 3760 813 3820 naturam
847 3748 956 3846 quasi
980 3744 1184 3820 humanio-

65 3951 69 3966 .
141 3889 224 3939 rem
249 3863 410 3939 reddere
444 3864 630 3958 valerent,
665 3869 720 3941 eis
753 3881 795 3946 ut
828 3868 941 3941 unire
976 3881 1013 3942 et
1047 3854 1184 3942 artium

141 3982 350 4061 liberalium
378 4001 415 4060 et
440 3984 679 4067 humanitatis
714 3986 922 4062 studiorum
948 4012 1088 4068 nomon
1112 3986 1184 4062 tri-

136 4105 334 4182 bueretur.
388 4106 500 4202 Quod
525 4108 611 4183 lieet
637 4133 734 4182 nune
761 4106 912 4184 dehoc
938 4106 1020 4184 solo
1033 4105 1185 4183 studio-
