2712 4762
733 309 798 378 iffi

687 400 842 420 ——q--n

213 557 217 566 ,
246 480 419 554 lummod'o
450 503 577 546 annum
606 478 725 564 relerri
756 503 794 547 ea
816 493 927 572 posse,
956 439 1022 545 nisi
1048 472 1092 544 ad
1113 473 1172 544 01.
1195 473 1295 554 cvl,

247 613 283 672 a,
311 586 390 656 satis
412 607 449 650 ex
476 582 747 652 antecedentibus
777 581 893 676 liquet.
947 582 990 648 Et
1017 577 1178 648 adhunc
1206 601 1295 647 sane

224 715 373 782 ¹annum
396 688 533 756 omnino
563 687 739 754 referenda
760 687 841 768 sint,
869 688 898 754 si
921 683 1142 771 Charidemus
1163 685 1202 766 is,
1228 683 1297 776 qni

188 831 195 838 ·
221 797 352 890 copiis
380 795 417 858 in
447 790 653 860 Salaminem
679 792 787 862 missis
816 789 997 884 praefuisse
1027 791 1065 855 in
1094 787 1198 856 altero
1230 786 1299 853 de-

177 897 180 902 *
247 918 337 968 creto
361 887 491 977 diciiur,
516 895 677 962 Orita'sit
698 895 768 974 illc,
799 896 894 962 cuius
915 893 1075 972 facinora,
1098 889 1297 984 perfidiam,

141 1039 144 1054 ·
245 1027 299 1072 res
332 1017 437 1092 gestas
464 999 582 1068 acerbe
603 1001 816 1092 persequitur
844 997 1077 1066 Demosthenis
1099 999 1137 1062 in
1157 996 1298 1062 Aristo-

246 1123 372 1174 cratcm
404 1104 521 1171 oratio.
572 1103 604 1170 Is
635 1103 727 1169 enim
755 1120 789 1168 et
819 1126 882 1195 per
910 1104 1016 1196 ipsius
1042 1099 1126 1168 belli
1155 1098 1296 1168 socialia

246 1211 402 1302 spatium,
427 1225 459 1274 et
481 1207 671 1300 insequenti
704 1225 853 1300 tempore
885 1230 990 1300 usque
1019 1205 1062 1271 ad
1092 1203 1149 1270 Ol.
1179 1201 1295 1286 CVII,

251 1338 279 1395 r,
302 1335 369 1406 quo
392 1309 501 1377 habita
524 1328 572 1376 est
594 1311 699 1378 oratio
722 1312 759 1378 in
771 1311 930 1380 Aristocr.
944 1307 1130 1378 secundum
1144 1308 1293 1398 Dionys.

246 1440 298 1510 ep.
329 1413 372 1482 ad
393 1417 504 1480 Amm.
537 1413 568 1504 5.
590 1413 669 1504 Γ),
701 1411 904 1482 conducticii
921 1415 1094 1482 'exercitus
1117 1410 1185 1478 dux
1217 1421 1295 1478 erat

247 1517 338 1613 apud
364 1518 536 1585 Thracum
562 1541 675 1610 regem
706 1516 970 1612 Cersobleptem‚
1005 1532 1184 1610 cognatum
1221 1515 1290 1581 sihi

247 1640 281 1690 et
302 1624 339 1689 in
362 1621 499 1690 tutelam
522 1646 540 1687 a
564 1621 669 1714 Cotye
690 1639 785 1714 putre
816 1622 898 1691 olim
920 1622 1095 1702 traditum,
1129 1617 1165 1685 id
1193 1618 1294 1711 quod

246 1725 427 1794 clarissime
450 1726 546 1793 exiis
569 1725 690 1818 liquet,
714 1749 798 1819 quae
810 1728 1018 1820 exposuimus
1030 1722 1073 1791 ad
1082 1749 1117 1817 p.
1134 1721 1203 1816 194.
1216 1741 1294 1794 not.

213 1915 215 1922 s
246 1853 277 1897 a.
322 1827 417 1896 Idem
439 1853 516 1898 uero
540 1827 658 1897 eodem
680 1847 829 1922 tempore
851 1854 972 1922 magna
995 1829 1085 1920 apud
1099 1827 1295 1894 Athenien-

204 1935 207 1944 '
245 1957 295 2001 sea
329 1932 469 2001 florebat
502 1935 703 2001 auctoritate.
766 1936 977 2027 Quamquam
1010 1934 1100 2000 enim
1132 1928 1295 2000 nondum

246 2035 459 2104 Atheniensis
494 2037 704 2129 imperatoris
744 2040 954 2131 provinciam
989 2036 1292 2118 administraverat,

247 2157 358 2208 tamen
381 2157 457 2206 ante
485 2141 553 2206 iam
584 2141 715 2234 saepius
744 2143 785 2208 ab
812 2141 1072 2222 Atheniensibus
1101 2138 1293 2208 conductus

245 2243 354 2310 iuerat
382 2241 554 2324 inbellis,
585 2267 671 2336 quae
700 2237 854 2313 adversus
882 2243 1145 2340 Amphipolitas,
1175 2242 1294 2336 Olyn-

246 2347 343 2430 thios,
367 2348 457 2415 etin
480 2348 551 2440 ipsa
575 2372 710 2441 quoque
724 2348 929 2418 Cherstincso
954 2346 1099 2441 gerenda
1120 2349 1166 2416 eis
1190 2367 1294 2417 erant
1354 2370 1355 2408 1

145 2439 148 2446 ’
246 2469 322 2518 ante
351 2449 408 2518 01.
438 2449 517 2532 CV,
546 2453 584 2533 3,
614 2452 787 2546 multaque
818 2455 865 2522 eia
898 2453 1006 2521 officia
1033 2450 1204 2546 usquead
1228 2453 1292 2519 Ol.

247 2552 345 2622 CVII
351 2603 364 2636 ,
401 2579 411 2622 t
447 2556 664 2647 praestiterat
708 2559 862 2653 Primum
890 2559 982 2626 enim
1009 2581 1071 2652 per
1093 2573 1159 2651 tres
1180 2580 1292 2626 annos

246 2757 559 2778 ..mu——

224 2923 227 2933 .
331 2867 383 2934 nol
412 2865 514 2976 δῄμου
541 2869 682 2944 Καλλίας
706 2871 746 2934 ll).
778 2859 841 2935 alne
870 2869 918 2936 du
945 2870 1032 2936 δοκεῖ
1054 2875 1092 2957 τῇ
1112 2865 1211 2957 βουλῇ
1234 2862 1291 2936 laci

332 2959 377 3042 τῷ
406 2954 511 3044 δημῳ,
542 2959 610 3021 huic
636 2953 815 3038 πρυτάνεων
845 2954 996 3042 λεγόντων
1022 2962 1140 3042 βουλῆς
1164 2954 1288 3046 γνώμῃ.

332 3044 413 3106 Haec
454 3043 531 3105 haud
563 3045 744 3108 incommode
782 3046 914 3108 addenda
957 3047 1127 3110 videbantur
1165 3047 1203 3108 ad
1243 3071 1289 3127 ea,

333 3154 408 3214 quac
439 3128 476 3191 de
509 3131 638 3194 formulis
666 3135 721 3193 illis
749 3134 778 3194 in
807 3136 971 3196 universum
999 3135 1153 3218 disputavit
1173 3135 1289 3197 Schoe-

331 3239 449 3280 mannus
471 3217 509 3278 de
532 3219 639 3282 Comit.
661 3221 727 3282 Ath.
750 3243 781 3303 p.
806 3241 845 3300 99
868 3244 936 3306 sqq.

290 3333 314 3415 ‘)
333 3339 379 3398 Eo
409 3361 485 3401 anno
517 3343 676 3402 orationem
702 3341 774 3403 hanc
802 3364 834 3402 rc
856 3364 923 3403 vera
952 3342 1075 3406 habitam
1097 3363 1167 3420 esse,
1188 3343 1287 3426 liquet

330 3445 401 3504 prae
430 3429 532 3487 ceteris
561 3428 598 3488 'ex
623 3449 655 3509 p.
686 3433 765 3506 662,
795 3430 843 3489 uhi
864 3429 1000 3491 Phavllns
1037 3423 1286 3509 commemoratur,

331 3509 523 3574 Phocensium
544 3515 711 3597 imperator.
756 3516 783 3576 la
810 3517 885 3576 enim
911 3497 1081 3579 sltbsecutus
1097 3518 1137 3576 *iu
1159 3517 1284 3598 imperio

332 3611 376 3658 est
410 3597 622 3660 Onomarchum
655 3601 785 3679 fratrem,
826 3603 875 3664 Ol.
913 3602 1001 3680 cv14
1033 3601 1055 3674 d
1091 3625 1108 3663 a
1143 3603 1284 3687 Philippo

329 3686 360 3749 itt
382 3683 528 3746 Thessalia
554 3688 660 3748 victum
688 3703 717 3747 et
746 3704 893 3767 necatum,
923 3688 976 3750 sed
997 3690 1045 3751 Ol.
1067 3690 1123 3750 iana
1144 3689 1238 3766 CVII,
1264 3712 1278 3750 s

261 3843 263 3852 ‚
330 3785 461 3832 mortuus
492 3773 643 3856 imperium
674 3774 792 3834 tradidit
823 3776 981 3854 Phalaeco,
1018 3777 1190 3838 Onomarchi
1220 3777 1281 3838 lilio

330 3856 489 3919 mundum
517 3859 642 3920 Diodor.
669 3861 758 3939 XVI,
790 3865 840 3926 38.
890 3866 928 3924 Et
956 3861 1039 3948 quod
1063 3863 1216 3946 Philippus
1249 3887 1280 3946 p.

331 3947 389 4004 eoa
423 3945 605 4022 Maroneam,
640 3949 779 4010 Thraciae
806 3949 926 4027 urbem,
953 3951 1064 4012 vcnhsc
1099 3949 1218 4028 dicitur,
1248 3949 1280 4010 id

233 4033 234 4038 ’
331 4051 454 4130 quiaque
478 4031 625 4114 pertinere
651 4034 766 4128 ridetur
786 4035 825 4096 ad
851 4037 1001 4098 Thraciam
1032 4037 1162 4120 Philippi
1190 4053 1280 4120 expe·

329 4113 476 4198 moenem,
496 4118 545 4182 01.
567 4118 661 4201 cvtt,
686 4143 698 4184 a
723 4139 893 4210 susceptam,
914 4123 953 4187 de
975 4146 1034 4210 qua
1055 4147 1082 4187 va
1104 4138 1163 4188 not.
1184 4144 1231 4210 aq·
