2694 4784
495 325 655 430 Lm„

77 495 227 590 imposuit,
259 515 346 588 quae
367 495 582 566 continerent
610 511 750 578 terram,
778 491 887 563 donec
908 496 1096 564 convocatis

78 601 110 666 ab
136 597 433 692 Amphictyonibus
470 597 513 668 de
547 621 677 680 summa
709 621 825 668 rerum
863 613 898 666 et
930 598 1096 692 sacrilegii

75 727 165 798 poena
184 702 399 772 iudicaretur.

145 809 233 892 Quae
265 808 294 874 si
322 809 370 876 ita
397 831 432 874 se
454 807 659 891 habuerunt,
689 831 762 877 non
783 803 877 901 quod
898 829 940 874 ex
961 803 1114 896 decreto

76 911 337 1005 Amphictyonum
350 910 526 1006 Philippus
542 911 640 980 urbes
655 911 788 980 diruere
803 926 969 1004 coeperat,
990 911 1097 979 Athe-
1190 953 1194 972 ·

78 1017 183 1084 denses
204 1017 413 1104 oxeooyurylor
434 1013 668 1101 decreverunt,
690 1001 751 1084 sed
773 1014 866 1109 quod
887 1030 986 1108 pacto
1008 1016 1096 1084 Pha-

73 1118 140 1186 laeci
170 1138 341 1213 comperto
371 1144 479 1214 quum
506 1123 576 1188 eius
606 1122 754 1190 discessu
784 1138 889 1188 totam
911 1119 1096 1189 Phocidem

40 1229 42 1236 ’
74 1223 216 1292 desertam
236 1223 408 1307 viderent,
440 1222 528 1292 mala
549 1224 667 1292 {raude
694 1228 936 1294 circumventos
966 1248 1002 1292 se
1025 1249 1095 1292 esse

71 1331 179 1422 experti
200 1347 297 1410 sunt,
327 1346 361 1397 et
385 1337 430 1398 ne'
451 1327 629 1422 Philippus
657 1347 819 1422 occupata
846 1327 995 1396 Phocide
1017 1353 1095 1398 cum
1136 1357 1139 1368 ¹

70 1432 220 1500 Thebanis
241 1435 374 1502 iunctus
395 1436 556 1502 continuo
569 1435 715 1501 Atticam
730 1451 869 1527 peteret,
889 1432 1094 1514 metuebant,

69 1535 198 1630 deniqne
221 1537 315 1632 quod
335 1562 396 1606 sua
416 1539 479 1605 ista
506 1537 742 1607 intercessione
763 1538 951 1607 Phocenses
972 1539 1095 1607 serrari

69 1639 163 1710 adhuc
183 1666 281 1736 posse
302 1642 562 1710 arbitrabantur.

138 1747 196 1815 His
233 1747 338 1840 igitur
367 1746 554 1839 explicatis,
585 1744 755 1839 reliquum
784 1747 853 1813 iam
874 1763 939 1830 est,
972 1764 1094 1828 utres,

66 1868 219 1941 postremo
251 1850 328 1918 loco
356 1873 525 1933 excussae,
554 1875 594 1920 eo
624 1850 744 1920 ordine
765 1869 1014 1944 proponantur,
1036 1852 1096 1943 qui

67 1977 98 2021 er
115 1955 247 2046 cognita
267 1953 369 2026 modo
391 1971 583 2050 temporum
608 1956 737 2024 ratione
758 1957 943 2025 necessario
964 1954 1094 2048 prodit:
1214 2007 1216 2014 1
1333 1999 1334 2034 r

135 2059 312 2126 Archonte
340 2059 647 2142 Themistocle,
684 2060 845 2154 Olymp.
878 2060 1029 2141 CVIII,
1063 2083 1095 2142 a,

68 2158 408 2257 Scirophorionis
439 2165 583 2232 XXIII
611 2163 795 2233 Phalaecus
825 2189 904 2234 cum
932 2162 1094 2257 Philippo

67 2286 241 2356 pacrscrtnr.

97 2383 103 2392 '
137 2370 486 2463 Scirophorionis
513 2371 669 2442 XXVII
690 2371 895 2464 congregatis
918 2370 957 2438 in
977 2370 1095 2440 Piraeo
1141 2365 1146 2376 ’

73 2471 320 2546 alencionem
340 2475 600 2544 Atheniensibus
621 2475 805 2568 Dercylus,
838 2476 1026 2567 interrupta
1047 2469 1097 2542 le·

74 2579 181 2664 gatione
202 2579 357 2650 Athenas
377 2601 540 2663 reversus,
562 2578 724 2674 depacto
746 2577 905 2648 Phalaeci
927 2578 1098 2676 Philippi-

70 2701 118 2770 que
136 2688 173 2752 in
196 2681 388 2752 Phocidem
408 2683 616 2778 profectione
638 2681 803 2752 nuncium
825 2681 929 2752 affert.

137 2791 216 2874 Quo
252 2789 423 2882 perterriti
453 2786 673 2856 Athenienses
704 2786 855 2857 eiusdem
884 2789 1008 2856 mensis
1042 2786 1098 2854 die

64 2887 197 2977 XXVII,
221 2892 385 2975 XXVIII,
410 2892 529 2961 XXIX
550 2917 608 2960 seu
630 2893 731 2960 XXX
759 2891 871 2986 fugam
895 2917 931 2960 ex
953 2893 1039 2984 agris
1063 2917 1100 2958 ex

61 2991 322 3068 Callisthenis
342 2996 616 3090 psephismate
635 2995 832 3065 decernunt.
866 2995 995 3066 Eodem
1010 3018 1098 3062 anno

59 3099 137 3168 euim
169 3101 283 3170 latum
315 3099 487 3168 decretum
516 3101 581 3170 hoc
610 3125 680 3168 esse
702 3103 882 3168 certissime
905 3097 1099 3169 confirmari

14 3243 16 3277 τ
57 3198 115 3269 lam
134 3223 256 3300 potest
286 3204 446 3272 archonte
469 3204 689 3300 Mnesiphilo‚
713 3205 773 3298 qui
788 3202 1024 3272 Demosthenis
1045 3201 1098 3268 illi

15 3285 18 3374 l
58 3322 145 3399 atque
164 3311 256 3378 huic
272 3307 486 3376 Callisthenis
513 3308 645 3378 decreto
675 3308 842 3402 praefixus
871 3325 935 3388 est,
967 3323 1001 3374 et
1029 3309 1099 3374 sive

54 3407 251 3507 Eponymns
264 3414 318 3496 sit,
333 3437 394 3481 sen
405 3437 442 3482 er
453 3416 569 3498 ceteris
581 3414 798 3483 archontibus
813 3409 948 3504 aliquis,
960 3407 1003 3480 nd
1015 3407 1098 3479 dnos
1224 3459 1228 3466 -

56 3527 159 3584 tamen
181 3539 296 3587 annos
318 3535 409 3586 certe
429 3517 549 3586 referri
578 3543 650 3588 non
670 3535 794 3611 potest,
822 3515 859 3584 id
888 3512 982 3608 quod
1004 3511 1101 3582 Wei-

55 3612 131 3686 alius
154 3622 256 3688 fecit.
307 3622 440 3688 Interea
466 3622 646 3716 Philippus
673 3623 810 3690 traiecto
837 3636 915 3714 post
946 3613 1100 3685 Phalaeci
1215 3681 1217 3686 ,
1303 3659 1305 3664 ·

54 3713 238 3793 discessum
267 3747 332 3818 per
357 3725 602 3820 Thermopylas
624 3724 808 3816 exercitu')
837 3719 1023 3792 Phocidem
1043 3745 1101 3788 oo·

12 4022 14 4059 l
86 4053 113 4140 ‘)
134 4011 361 4122 Demosthenes
397 4055 437 4122 de
456 4081 527 4133 eor.
555 4083 586 4143 p.
619 4063 680 4138 ²37
713 4058 886 4122 Aeschinem
919 4057 1103 4140 perfunctum

128 4147 228 4210 altera
253 4145 293 4208 ad
313 4148 483 4232 Philippum
504 4149 646 4230 legatione
674 4148 857 4210 renunciasse
879 4143 1102 4210 Atheniensibus

728 4247 776 4313 8*
