<?xml version="1.0" encoding="UTF-8"?>
<!DOCTYPE html PUBLIC "-//W3C//DTD XHTML 1.0 Transitional//EN"
    "http://www.w3.org/TR/xhtml1/DTD/xhtml1-transitional.dtd">
<html xmlns="http://www.w3.org/1999/xhtml" xml:lang="en" lang="en">
 <head>
  <title>
</title>
<meta http-equiv="Content-Type" content="text/html;charset=utf-8" />
  <meta name='ocr-system' content='tesseract 3.04.00' />
  <meta name='ocr-capabilities' content='ocr_page ocr_carea ocr_par ocr_line ocrx_word'/>
</head>
<body>
  <div class='ocr_page' id='page_1' title='image "./francisciwiniew00winigoog_0016.png"; bbox 0 0 2706 4782; ppageno 0'>
   <div class='ocr_carea' id='block_1_1' title="bbox 118 1407 1186 2148">
    <p class='ocr_par' dir='ltr' id='par_1_1' title="bbox 118 1407 1186 2148">
     <span class='ocr_line' id='line_1_1' title="bbox 144 1407 1185 1542; baseline -0.002 -28"><span class='ocrx_word' id='word_1_1' title='bbox 144 1407 456 1537; x_wconf 84' lang='lat' dir='ltr'><strong>Humanitatem,</strong></span> <span class='ocrx_word' id='word_1_2' title='bbox 470 1438 650 1536; x_wconf 82' lang='lat' dir='ltr'><strong>Boeekhi,</strong></span> <span class='ocrx_word' id='word_1_3' title='bbox 663 1441 719 1518; x_wconf 85' lang='lat' dir='ltr'><strong>vir</strong></span> <span class='ocrx_word' id='word_1_4' title='bbox 734 1438 1057 1542; x_wconf 70' lang='lat' dir='ltr'><strong>praestantissime,</strong></span> <span class='ocrx_word' id='word_1_5' title='bbox 1075 1463 1185 1541; x_wconf 80' lang='lat' dir='ltr'><strong>quam</strong></span> 
     </span>
     <span class='ocr_line' id='line_1_2' title="bbox 143 1559 1184 1667; baseline -0.004 -25"><span class='ocrx_word' id='word_1_6' title='bbox 143 1567 258 1667; x_wconf 82' lang='lat' dir='ltr'><strong>vulgo</strong></span> <span class='ocrx_word' id='word_1_7' title='bbox 297 1581 439 1666; x_wconf 80' lang='lat' dir='ltr'><strong>gratam</strong></span> <span class='ocrx_word' id='word_1_8' title='bbox 478 1562 580 1637; x_wconf 90' lang='lat' dir='ltr'><strong>illam</strong></span> <span class='ocrx_word' id='word_1_9' title='bbox 615 1563 726 1636; x_wconf 65' lang='lat' dir='ltr'><strong>anim</strong></span> <span class='ocrx_word' id='word_1_10' title='bbox 760 1574 896 1638; x_wconf 87' lang='lat' dir='ltr'><strong>vocant</strong></span> <span class='ocrx_word' id='word_1_11' title='bbox 940 1559 1184 1657; x_wconf 62' lang='lat' dir='ltr'><strong>affectionem</strong></span> 
     </span>
     <span class='ocr_line' id='line_1_3' title="bbox 120 1682 1186 1791; baseline -0.007 -27"><span class='ocrx_word' id='word_1_12' title='bbox 120 1713 242 1791; x_wconf 71' lang='lat' dir='ltr'><strong>‚quae</strong></span> <span class='ocrx_word' id='word_1_13' title='bbox 268 1689 308 1760; x_wconf 94' lang='lat' dir='ltr'><strong>in</strong></span> <span class='ocrx_word' id='word_1_14' title='bbox 335 1683 629 1775; x_wconf 83' lang='lat' dir='ltr'><strong>mansuetudine,</strong></span> <span class='ocrx_word' id='word_1_15' title='bbox 654 1685 694 1757; x_wconf 93' lang='lat' dir='ltr'><strong>in</strong></span> <span class='ocrx_word' id='word_1_16' title='bbox 719 1685 921 1783; x_wconf 85' lang='lat' dir='ltr'><strong>aequitate,</strong></span> <span class='ocrx_word' id='word_1_17' title='bbox 952 1685 993 1755; x_wconf 94' lang='lat' dir='ltr'><strong>in</strong></span> <span class='ocrx_word' id='word_1_18' title='bbox 1019 1682 1186 1758; x_wconf 84' lang='lat' dir='ltr'><strong>dexteri-</strong></span> 
     </span>
     <span class='ocr_line' id='line_1_4' title="bbox 146 1801 1186 1904; baseline -0.004 -20"><span class='ocrx_word' id='word_1_19' title='bbox 146 1825 228 1901; x_wconf 85' lang='lat' dir='ltr'><strong>tate,</strong></span> <span class='ocrx_word' id='word_1_20' title='bbox 255 1811 295 1881; x_wconf 90' lang='lat' dir='ltr'><strong>iu</strong></span> <span class='ocrx_word' id='word_1_21' title='bbox 319 1803 542 1879; x_wconf 86' lang='lat' dir='ltr'><strong>liberalitate</strong></span> <span class='ocrx_word' id='word_1_22' title='bbox 576 1801 738 1904; x_wconf 91' lang='lat' dir='ltr'><strong>denique</strong></span> <span class='ocrx_word' id='word_1_23' title='bbox 771 1805 949 1898; x_wconf 87' lang='lat' dir='ltr'><strong>cernitur,</strong></span> <span class='ocrx_word' id='word_1_24' title='bbox 973 1805 1067 1878; x_wconf 88' lang='lat' dir='ltr'><strong>soite</strong></span> <span class='ocrx_word' id='word_1_25' title='bbox 1093 1803 1186 1880; x_wconf 88' lang='lat' dir='ltr'><strong>mihi</strong></span> 
     </span>
     <span class='ocr_line' id='line_1_5' title="bbox 118 1921 1185 2033; baseline -0.003 -28"><span class='ocrx_word' id='word_1_26' title='bbox 118 1930 284 2033; x_wconf 77' lang='lat' dir='ltr'><strong>antiqui</strong></span> <span class='ocrx_word' id='word_1_27' title='bbox 297 1932 550 2001; x_wconf 88' lang='lat' dir='ltr'><strong>Romanorum</strong></span> <span class='ocrx_word' id='word_1_28' title='bbox 575 1927 788 2026; x_wconf 85' lang='lat' dir='ltr'><strong>scriptores,</strong></span> <span class='ocrx_word' id='word_1_29' title='bbox 815 1924 881 2026; x_wconf 90' lang='lat' dir='ltr'><strong>qui</strong></span> <span class='ocrx_word' id='word_1_30' title='bbox 906 1921 1034 2001; x_wconf 83' lang='lat' dir='ltr'><strong>verbis</strong></span> <span class='ocrx_word' id='word_1_31' title='bbox 1060 1924 1185 2027; x_wconf 86' lang='lat' dir='ltr'><strong>probe</strong></span> 
     </span>
     <span class='ocr_line' id='line_1_6' title="bbox 142 2044 1185 2148; baseline -0.007 -21"><span class='ocrx_word' id='word_1_32' title='bbox 142 2054 203 2128; x_wconf 88' lang='lat' dir='ltr'><strong>usi</strong></span> <span class='ocrx_word' id='word_1_33' title='bbox 238 2065 342 2143; x_wconf 87' lang='lat' dir='ltr'><strong>sunt,</strong></span> <span class='ocrx_word' id='word_1_34' title='bbox 377 2045 625 2122; x_wconf 87' lang='lat' dir='ltr'><strong>eruditionem</strong></span> <span class='ocrx_word' id='word_1_35' title='bbox 659 2045 769 2119; x_wconf 87' lang='lat' dir='ltr'><strong>simul</strong></span> <span class='ocrx_word' id='word_1_36' title='bbox 802 2044 1081 2148; x_wconf 83' lang='lat' dir='ltr'><strong>doctrinamque</strong></span> <span class='ocrx_word' id='word_1_37' title='bbox 1106 2072 1185 2120; x_wconf 91' lang='lat' dir='ltr'><strong>no-</strong></span> 
     </span>
    </p>
   </div>
   <div class='ocr_carea' id='block_1_2' title="bbox 72 2151 1196 4199">
    <p class='ocr_par' dir='ltr' id='par_1_2' title="bbox 72 2151 1196 4199">
     <span class='ocr_line' id='line_1_7' title="bbox 143 2151 1196 2267; baseline -0.008 -19"><span class='ocrx_word' id='word_1_38' title='bbox 143 2174 304 2248; x_wconf 86' lang='lat' dir='ltr'><strong>minasse</strong></span> <span class='ocrx_word' id='word_1_39' title='bbox 338 2167 529 2262; x_wconf 86' lang='lat' dir='ltr'><strong>videntur,</strong></span> <span class='ocrx_word' id='word_1_40' title='bbox 567 2182 609 2242; x_wconf 89' lang='lat' dir='ltr'><strong>ut</strong></span> <span class='ocrx_word' id='word_1_41' title='bbox 646 2151 801 2267; x_wconf 88' lang='lat' dir='ltr'><strong>paulum</strong></span> <span class='ocrx_word' id='word_1_42' title='bbox 834 2165 949 2242; x_wconf 90' lang='lat' dir='ltr'><strong>modo</strong></span> <span class='ocrx_word' id='word_1_43' title='bbox 989 2166 1196 2245; x_wconf 79' lang='lat' dir='ltr'><strong>humanior.</strong></span> 
     </span>
     <span class='ocr_line' id='line_1_8' title="bbox 144 2277 1193 2374; baseline -0.003 -7"><span class='ocrx_word' id='word_1_44' title='bbox 144 2293 246 2367; x_wconf 90' lang='lat' dir='ltr'><strong>idem</strong></span> <span class='ocrx_word' id='word_1_45' title='bbox 268 2294 322 2366; x_wconf 90' lang='lat' dir='ltr'><strong>eis</strong></span> <span class='ocrx_word' id='word_1_46' title='bbox 337 2289 477 2365; x_wconf 79' lang='lat' dir='ltr'><strong>valeret</strong></span> <span class='ocrx_word' id='word_1_47' title='bbox 494 2305 532 2364; x_wconf 91' lang='lat' dir='ltr'><strong>et</strong></span> <span class='ocrx_word' id='word_1_48' title='bbox 552 2286 708 2374; x_wconf 84' lang='lat' dir='ltr'><strong>doctior.</strong></span> <span class='ocrx_word' id='word_1_49' title='bbox 759 2277 936 2364; x_wconf 81' lang='lat' dir='ltr'><strong>Nimirum</strong></span> <span class='ocrx_word' id='word_1_50' title='bbox 949 2287 1005 2366; x_wconf 83' lang='lat' dir='ltr'><strong>itti</strong></span> <span class='ocrx_word' id='word_1_51' title='bbox 1018 2313 1095 2363; x_wconf 90' lang='lat' dir='ltr'><strong>nou</strong></span> <span class='ocrx_word' id='word_1_52' title='bbox 1111 2278 1193 2364; x_wconf 81' lang='lat' dir='ltr'><strong>una</strong></span> 
     </span>
     <span class='ocr_line' id='line_1_9' title="bbox 145 2408 1187 2509; baseline -0.009 -19"><span class='ocrx_word' id='word_1_53' title='bbox 145 2437 242 2490; x_wconf 76' lang='lat' dir='ltr'><strong>rooe</strong></span> <span class='ocrx_word' id='word_1_54' title='bbox 263 2412 325 2484; x_wconf 88' lang='lat' dir='ltr'><strong>-ad</strong></span> <span class='ocrx_word' id='word_1_55' title='bbox 355 2411 518 2486; x_wconf 83' lang='lat' dir='ltr'><strong>diversas</strong></span> <span class='ocrx_word' id='word_1_56' title='bbox 559 2409 847 2509; x_wconf 63' lang='lat' dir='ltr'><strong>significationes</strong></span> <span class='ocrx_word' id='word_1_57' title='bbox 888 2425 1031 2484; x_wconf 87' lang='lat' dir='ltr'><strong>temere</strong></span> <span class='ocrx_word' id='word_1_58' title='bbox 1072 2408 1187 2502; x_wconf 89' lang='lat' dir='ltr'><strong>abuti,</strong></span> 
     </span>
     <span class='ocr_line' id='line_1_10' title="bbox 148 2527 1185 2632; baseline 0.001 -27"><span class='ocrx_word' id='word_1_59' title='bbox 148 2530 219 2606; x_wconf 87' lang='lat' dir='ltr'><strong>sed</strong></span> <span class='ocrx_word' id='word_1_60' title='bbox 245 2555 291 2605; x_wconf 89' lang='lat' dir='ltr'><strong>eo</strong></span> <span class='ocrx_word' id='word_1_61' title='bbox 317 2527 357 2604; x_wconf 91' lang='lat' dir='ltr'><strong>id</strong></span> <span class='ocrx_word' id='word_1_62' title='bbox 382 2534 507 2631; x_wconf 88' lang='lat' dir='ltr'><strong>potius</strong></span> <span class='ocrx_word' id='word_1_63' title='bbox 534 2529 743 2632; x_wconf 87' lang='lat' dir='ltr'><strong>siguificare</strong></span> <span class='ocrx_word' id='word_1_64' title='bbox 771 2528 957 2623; x_wconf 86' lang='lat' dir='ltr'><strong>volebant,</strong></span> <span class='ocrx_word' id='word_1_65' title='bbox 982 2533 1079 2604; x_wconf 89' lang='lat' dir='ltr'><strong>inter</strong></span> <span class='ocrx_word' id='word_1_66' title='bbox 1104 2528 1185 2606; x_wconf 78' lang='lat' dir='ltr'><strong>illas</strong></span> 
     </span>
     <span class='ocr_line' id='line_1_11' title="bbox 147 2649 1185 2754; baseline -0.004 -26"><span class='ocrx_word' id='word_1_67' title='bbox 147 2656 313 2743; x_wconf 78' lang='lat' dir='ltr'><strong>virtutes,</strong></span> <span class='ocrx_word' id='word_1_68' title='bbox 340 2677 438 2754; x_wconf 92' lang='lat' dir='ltr'><strong>quae</strong></span> <span class='ocrx_word' id='word_1_69' title='bbox 471 2650 664 2726; x_wconf 90' lang='lat' dir='ltr'><strong>hominem</strong></span> <span class='ocrx_word' id='word_1_70' title='bbox 697 2653 809 2724; x_wconf 85' lang='lat' dir='ltr'><strong>unice</strong></span> <span class='ocrx_word' id='word_1_71' title='bbox 835 2649 1004 2744; x_wconf 82' lang='lat' dir='ltr'><strong>deceant,</strong></span> <span class='ocrx_word' id='word_1_72' title='bbox 1030 2666 1068 2725; x_wconf 92' lang='lat' dir='ltr'><strong>et</strong></span> <span class='ocrx_word' id='word_1_73' title='bbox 1093 2676 1185 2724; x_wconf 89' lang='lat' dir='ltr'><strong>eru-</strong></span> 
     </span>
     <span class='ocr_line' id='line_1_12' title="bbox 145 2769 1186 2872; baseline -0.002 -25"><span class='ocrx_word' id='word_1_74' title='bbox 145 2774 321 2848; x_wconf 91' lang='lat' dir='ltr'><strong>ditionem</strong></span> <span class='ocrx_word' id='word_1_75' title='bbox 353 2773 578 2847; x_wconf 87' lang='lat' dir='ltr'><strong>artissimum</strong></span> <span class='ocrx_word' id='word_1_76' title='bbox 609 2769 795 2846; x_wconf 83' lang='lat' dir='ltr'><strong>uinculum</strong></span> <span class='ocrx_word' id='word_1_77' title='bbox 834 2773 1034 2865; x_wconf 85' lang='lat' dir='ltr'><strong>iuteresse,</strong></span> <span class='ocrx_word' id='word_1_78' title='bbox 1067 2786 1186 2872; x_wconf 88' lang='lat' dir='ltr'><strong>utque</strong></span> 
     </span>
     <span class='ocr_line' id='line_1_13' title="bbox 145 2892 1185 2996; baseline -0.005 -25"><span class='ocrx_word' id='word_1_79' title='bbox 145 2911 314 2971; x_wconf 74' lang='lat' dir='ltr'><strong>ueterum</strong></span> <span class='ocrx_word' id='word_1_80' title='bbox 348 2894 502 2996; x_wconf 86' lang='lat' dir='ltr'><strong>quidam</strong></span> <span class='ocrx_word' id='word_1_81' title='bbox 538 2892 647 2987; x_wconf 85' lang='lat' dir='ltr'><strong>dixit,</strong></span> <span class='ocrx_word' id='word_1_82' title='bbox 688 2895 753 2994; x_wconf 90' lang='lat' dir='ltr'><strong>qui</strong></span> <span class='ocrx_word' id='word_1_83' title='bbox 794 2895 938 2969; x_wconf 88' lang='lat' dir='ltr'><strong>sincere</strong></span> <span class='ocrx_word' id='word_1_84' title='bbox 972 2892 1112 2966; x_wconf 89' lang='lat' dir='ltr'><strong>litteras</strong></span> <span class='ocrx_word' id='word_1_85' title='bbox 1146 2904 1185 2966; x_wconf 87' lang='lat' dir='ltr'><strong>et</strong></span> 
     </span>
     <span class='ocr_line' id='line_1_14' title="bbox 143 3013 1186 3117; baseline -0.006 -24"><span class='ocrx_word' id='word_1_86' title='bbox 143 3016 262 3106; x_wconf 82' lang='lat' dir='ltr'><strong>bonas</strong></span> <span class='ocrx_word' id='word_1_87' title='bbox 288 3032 388 3089; x_wconf 79' lang='lat' dir='ltr'><strong>artes</strong></span> <span class='ocrx_word' id='word_1_88' title='bbox 415 3016 568 3117; x_wconf 85' lang='lat' dir='ltr'><strong>cupiant</strong></span> <span class='ocrx_word' id='word_1_89' title='bbox 582 3030 847 3115; x_wconf 87' lang='lat' dir='ltr'><strong>appetantque,</strong></span> <span class='ocrx_word' id='word_1_90' title='bbox 863 3037 930 3088; x_wconf 88' lang='lat' dir='ltr'><strong>eos</strong></span> <span class='ocrx_word' id='word_1_91' title='bbox 955 3013 1016 3088; x_wconf 88' lang='lat' dir='ltr'><strong>vel</strong></span> <span class='ocrx_word' id='word_1_92' title='bbox 1028 3015 1186 3088; x_wconf 83' lang='lat' dir='ltr'><strong>maxime</strong></span> 
     </span>
     <span class='ocr_line' id='line_1_15' title="bbox 145 3132 1184 3236; baseline -0.005 -23"><span class='ocrx_word' id='word_1_93' title='bbox 145 3162 227 3213; x_wconf 89' lang='lat' dir='ltr'><strong>esse</strong></span> <span class='ocrx_word' id='word_1_94' title='bbox 253 3136 449 3226; x_wconf 87' lang='lat' dir='ltr'><strong>humanos.</strong></span> <span class='ocrx_word' id='word_1_95' title='bbox 501 3140 622 3235; x_wconf 78' lang='lat' dir='ltr'><strong>atque</strong></span> <span class='ocrx_word' id='word_1_96' title='bbox 642 3136 712 3209; x_wconf 88' lang='lat' dir='ltr'><strong>fuit</strong></span> <span class='ocrx_word' id='word_1_97' title='bbox 729 3132 931 3236; x_wconf 87' lang='lat' dir='ltr'><strong>quondam,</strong></span> <span class='ocrx_word' id='word_1_98' title='bbox 958 3160 1075 3234; x_wconf 91' lang='lat' dir='ltr'><strong>quum</strong></span> <span class='ocrx_word' id='word_1_99' title='bbox 1090 3135 1184 3235; x_wconf 88' lang='lat' dir='ltr'><strong>ipsis</strong></span> 
     </span>
     <span class='ocr_line' id='line_1_16' title="bbox 144 3253 1186 3358; baseline -0.004 -24"><span class='ocrx_word' id='word_1_100' title='bbox 144 3260 205 3334; x_wconf 88' lang='lat' dir='ltr'><strong>his</strong></span> <span class='ocrx_word' id='word_1_101' title='bbox 231 3261 368 3338; x_wconf 87' lang='lat' dir='ltr'><strong>nostris</strong></span> <span class='ocrx_word' id='word_1_102' title='bbox 395 3262 628 3358; x_wconf 88' lang='lat' dir='ltr'><strong>antiquarum</strong></span> <span class='ocrx_word' id='word_1_103' title='bbox 661 3256 865 3332; x_wconf 86' lang='lat' dir='ltr'><strong>litterarum</strong></span> <span class='ocrx_word' id='word_1_104' title='bbox 897 3253 1028 3330; x_wconf 85' lang='lat' dir='ltr'><strong>studiis</strong></span> <span class='ocrx_word' id='word_1_105' title='bbox 1035 3307 1047 3350; x_wconf 97' lang='lat'><strong>,</strong></span> <span class='ocrx_word' id='word_1_106' title='bbox 1081 3277 1186 3356; x_wconf 89' lang='lat' dir='ltr'><strong>quo-</strong></span> 
     </span>
     <span class='ocr_line' id='line_1_17' title="bbox 139 3365 1187 3479; baseline -0.008 -21"><span class='ocrx_word' id='word_1_107' title='bbox 139 3365 229 3458; x_wconf 48' lang='lat' dir='ltr'><strong>¹rum</strong></span> <span class='ocrx_word' id='word_1_108' title='bbox 262 3403 363 3452; x_wconf 90' lang='lat' dir='ltr'><strong>nuno</strong></span> <span class='ocrx_word' id='word_1_109' title='bbox 397 3378 625 3479; x_wconf 87' lang='lat' dir='ltr'><strong>philologiae</strong></span> <span class='ocrx_word' id='word_1_110' title='bbox 658 3377 822 3478; x_wconf 87' lang='lat' dir='ltr'><strong>amplum</strong></span> <span class='ocrx_word' id='word_1_111' title='bbox 854 3393 994 3452; x_wconf 83' lang='lat' dir='ltr'><strong>nomeu</strong></span> <span class='ocrx_word' id='word_1_112' title='bbox 1021 3379 1187 3452; x_wconf 80' lang='lat' dir='ltr'><strong>eircum-</strong></span> 
     </span>
     <span class='ocr_line' id='line_1_18' title="bbox 145 3495 1186 3601; baseline -0.002 -27"><span class='ocrx_word' id='word_1_113' title='bbox 145 3500 280 3591; x_wconf 83' lang='lat' dir='ltr'><strong>iertur,</strong></span> <span class='ocrx_word' id='word_1_114' title='bbox 320 3497 416 3574; x_wconf 83' lang='lat' dir='ltr'><strong>haee</strong></span> <span class='ocrx_word' id='word_1_115' title='bbox 450 3495 635 3601; x_wconf 85' lang='lat' dir='ltr'><strong>quaedam</strong></span> <span class='ocrx_word' id='word_1_116' title='bbox 675 3501 826 3598; x_wconf 89' lang='lat' dir='ltr'><strong>propria</strong></span> <span class='ocrx_word' id='word_1_117' title='bbox 857 3500 973 3572; x_wconf 87' lang='lat' dir='ltr'><strong>virtus</strong></span> <span class='ocrx_word' id='word_1_118' title='bbox 1015 3495 1186 3589; x_wconf 87' lang='lat' dir='ltr'><strong>dabatur,</strong></span> 
     </span>
     <span class='ocr_line' id='line_1_19' title="bbox 146 3617 1187 3723; baseline -0.003 -29"><span class='ocrx_word' id='word_1_119' title='bbox 146 3619 253 3723; x_wconf 92' lang='lat' dir='ltr'><strong>quod</strong></span> <span class='ocrx_word' id='word_1_120' title='bbox 288 3621 474 3721; x_wconf 88' lang='lat' dir='ltr'><strong>ingenium</strong></span> <span class='ocrx_word' id='word_1_121' title='bbox 510 3636 546 3695; x_wconf 89' lang='lat' dir='ltr'><strong>et</strong></span> <span class='ocrx_word' id='word_1_122' title='bbox 580 3644 704 3695; x_wconf 92' lang='lat' dir='ltr'><strong>mores</strong></span> <span class='ocrx_word' id='word_1_123' title='bbox 744 3643 836 3720; x_wconf 89' lang='lat' dir='ltr'><strong>prae</strong></span> <span class='ocrx_word' id='word_1_124' title='bbox 878 3618 1011 3694; x_wconf 85' lang='lat' dir='ltr'><strong>ceteris</strong></span> <span class='ocrx_word' id='word_1_125' title='bbox 1054 3617 1187 3692; x_wconf 87' lang='lat' dir='ltr'><strong>litteris</strong></span> 
     </span>
     <span class='ocr_line' id='line_1_20' title="bbox 147 3737 1189 3842; baseline -0.006 -24"><span class='ocrx_word' id='word_1_126' title='bbox 147 3740 313 3842; x_wconf 71' lang='lat' dir='ltr'><strong>expolire</strong></span> <span class='ocrx_word' id='word_1_127' title='bbox 347 3758 384 3813; x_wconf 89' lang='lat' dir='ltr'><strong>et</strong></span> <span class='ocrx_word' id='word_1_128' title='bbox 417 3739 618 3816; x_wconf 85' lang='lat' dir='ltr'><strong>humanam</strong></span> <span class='ocrx_word' id='word_1_129' title='bbox 652 3755 818 3814; x_wconf 87' lang='lat' dir='ltr'><strong>naturam</strong></span> <span class='ocrx_word' id='word_1_130' title='bbox 852 3742 961 3841; x_wconf 89' lang='lat' dir='ltr'><strong>quasi</strong></span> <span class='ocrx_word' id='word_1_131' title='bbox 985 3737 1189 3814; x_wconf 82' lang='lat' dir='ltr'><strong>humanio-</strong></span> 
     </span>
     <span class='ocr_line' id='line_1_21' title="bbox 72 3847 1189 3966; baseline -0.004 -29"><span class='ocrx_word' id='word_1_132' title='bbox 72 3950 76 3966; x_wconf 81' lang='lat'>.</span> <span class='ocrx_word' id='word_1_133' title='bbox 146 3887 229 3937; x_wconf 91' lang='lat' dir='ltr'><strong>rem</strong></span> <span class='ocrx_word' id='word_1_134' title='bbox 255 3860 415 3937; x_wconf 87' lang='lat' dir='ltr'><strong>reddere</strong></span> <span class='ocrx_word' id='word_1_135' title='bbox 449 3861 636 3955; x_wconf 84' lang='lat' dir='ltr'><strong>valerent,</strong></span> <span class='ocrx_word' id='word_1_136' title='bbox 670 3863 725 3936; x_wconf 89' lang='lat' dir='ltr'><strong>eis</strong></span> <span class='ocrx_word' id='word_1_137' title='bbox 758 3876 801 3939; x_wconf 90' lang='lat' dir='ltr'><strong>ut</strong></span> <span class='ocrx_word' id='word_1_138' title='bbox 833 3862 946 3934; x_wconf 88' lang='lat' dir='ltr'><strong>unice</strong></span> <span class='ocrx_word' id='word_1_139' title='bbox 981 3875 1018 3936; x_wconf 90' lang='lat' dir='ltr'><strong>et</strong></span> <span class='ocrx_word' id='word_1_140' title='bbox 1053 3847 1189 3948; x_wconf 85' lang='lat' dir='ltr'><strong>artium</strong></span> 
     </span>
     <span class='ocr_line' id='line_1_22' title="bbox 139 3979 1190 4063; baseline -0.004 -4"><span class='ocrx_word' id='word_1_141' title='bbox 139 3979 356 4059; x_wconf 86' lang='lat' dir='ltr'><strong>liberalium</strong></span> <span class='ocrx_word' id='word_1_142' title='bbox 383 3998 420 4058; x_wconf 91' lang='lat' dir='ltr'><strong>et</strong></span> <span class='ocrx_word' id='word_1_143' title='bbox 446 3980 684 4063; x_wconf 82' lang='lat' dir='ltr'><strong>humanitatis</strong></span> <span class='ocrx_word' id='word_1_144' title='bbox 719 3981 927 4057; x_wconf 88' lang='lat' dir='ltr'><strong>studiorum</strong></span> <span class='ocrx_word' id='word_1_145' title='bbox 954 4006 1093 4057; x_wconf 88' lang='lat' dir='ltr'><strong>nomeu</strong></span> <span class='ocrx_word' id='word_1_146' title='bbox 1118 3980 1190 4055; x_wconf 86' lang='lat' dir='ltr'><strong>tri-</strong></span> 
     </span>
     <span class='ocr_line' id='line_1_23' title="bbox 132 4097 1191 4199; baseline -0.003 -21"><span class='ocrx_word' id='word_1_147' title='bbox 132 4103 340 4179; x_wconf 50' lang='lat' dir='ltr'><strong>«bueretur.</strong></span> <span class='ocrx_word' id='word_1_148' title='bbox 394 4103 506 4199; x_wconf 89' lang='lat' dir='ltr'><strong>Quod</strong></span> <span class='ocrx_word' id='word_1_149' title='bbox 530 4104 617 4180; x_wconf 85' lang='lat' dir='ltr'><strong>licet</strong></span> <span class='ocrx_word' id='word_1_150' title='bbox 643 4102 817 4179; x_wconf 85' lang='lat' dir='ltr'><strong>nunede</strong></span> <span class='ocrx_word' id='word_1_151' title='bbox 841 4101 917 4179; x_wconf 88' lang='lat' dir='ltr'><strong>hoc</strong></span> <span class='ocrx_word' id='word_1_152' title='bbox 943 4097 1191 4178; x_wconf 85' lang='lat' dir='ltr'><strong>solostudio-</strong></span> 
     </span>
    </p>
   </div>
   <div class='ocr_carea' id='block_1_3' title="bbox 0 0 1367 4782">
    <p class='ocr_par' dir='ltr' id='par_1_3' title="bbox 0 0 1367 4782">
     <span class='ocr_line' id='line_1_24' title="bbox 0 0 1367 4782; baseline 0 0"><span class='ocrx_word' id='word_1_153' title='bbox 0 0 1367 4782; x_wconf 95' lang='lat' dir='ltr'><strong> </strong></span> 
     </span>
    </p>
   </div>
  </div>
 </body>
</html>
