2642 4780
661 273 791 348 »ts

242 475 273 520 c.
293 451 350 520 ni.
367 445 475 518 Phoe.
502 469 551 540 ιγ,
575 444 766 518 Curtiusl.
782 441 887 516 tlte.
911 450 942 531 5,
964 446 1025 542 qui
1049 445 1291 522 Charidemum

240 555 343 625 rebus
365 551 506 622 uisitetis
538 551 651 620 tntu
640 575 679 626 tn
693 548 803 647 peine
830 549 976 645 delapsis
1004 551 1115 622 solum
1139 551 1291 624 exulasse

242 679 344 754 utque
366 657 410 726 sd
430 657 575 725 Darium
593 679 710 748 regem
729 654 908 726 contulisse
928 679 965 726 se
986 674 1117 740 narrat,
1143 658 1289 752 inceptis

240 759 428 834 Alexandri
450 759 716 841 adversaturum,
748 783 939 854 magnoque
961 761 1071 830 Persis
1103 765 1179 830 usui
1214 787 1286 832 eunt

239 866 344 936 luisse
364 863 477 948 tradit,
490 864 609 933 donec
631 864 675 934 nb
701 862 837 960 linguae
865 863 1055 933 libertatem
1076 867 1170 934 iussu
1191 867 1288 934 Darii

240 970 437 1038 interiectus
471 969 523 1038 sit
577 967 630 1038 Cf.
664 967 799 1036 Atrion.
833 967 951 1061 exped.
983 967 1080 1038 Alex.
1103 971 1137 1053 1,
1170 993 1202 1038 o.
1241 996 1288 1039 ιο.

239 1074 403 1142 Dinarch.
425 1075 463 1142 in
484 1074 584 1142 Dent.¹
603 1099 642 1166 p.
668 1074 712 1141 25
739 1096 791 1176 sq.
836 1072 978 1142 Factum
1003 1072 1042 1141 id
1070 1091 1119 1143 est
1146 1073 1285 1168 Olymp.

231 1179 331 1260 'CXL
353 1177 387 1265 4.
429 1178 505 1246 Hoc
527 1179 619 1246 enim
632 1171 720 1246 anuo
740 1175 886 1246 eundem
902 1175 1097 1247 Charidemi
1111 1180 1289 1246 interitum

169 1281 173 1290 ’
237 1279 383 1352 Diodon.
403 1277 439 1350 S.
462 1282 587 1369 (xvtt,
615 1281 678 1372 ι30)
703 1281 870 1375 copiosius
897 1299 1049 1365 enarret,
1086 1283 1146 1349 ubi
1174 1283 1288 1352 virum

237 1411 317 1457 eum
336 1404 435 1459 uocat
452 1385 695 1473 θαυμαζόμενοι
714 1383 760 1454 ἔπ’
781 1385 909 1479 ἀνδρείᾳ
929 1389 982 1456 rol
1002 1386 1159 1475 δεινότητι
1184 1411 1287 1476 στρα-

236 1493 358 1580 vestas

255 1595 273 1656 '.
325 1594 445 1689 Itaque
467 1592 687 1662 Charidemus
709 1610 743 1662 et
763 1593 936 1664 Nausicles
958 1617 1065 1688 quum
1086 1593 1287 1665 Demosthe-

235 1701 290 1768 nis
313 1715 419 1767 aetate
439 1698 645 1780 floruerint,
668 1720 876 1792 consequens
900 1714 959 1780 cst,
983 1715 1016 1767 et
1037 1697 1132 1767 illam
1154 1699 1192 1767 in
1218 1701 1286 1768 lm-

233 1804 336 1872 hrum
364 1803 558 1902 stulterum
586 1803 624 1870 in
654 1799 825 1872 Salamina
851 1800 1102 1896 expeditionem
1131 1803 1284 1873 eiusdem

140 1891 143 1903 s
234 1908 397 2002 temporis
420 1907 529 2000 spatio
559 1929 629 1974 esse
661 1906 956 2000 circumscriptam.
1011 1907 1130 1976 Annus
1156 1923 1280 1992 tamen,

234 2037 304 2105 qno
340 2008 527 2078 occiderint
555 2004 787 2102 expeditiones
825 2009 922 2094 illae,
958 2028 1100 2104 propter
1127 2036 1280 2082 mancam

232 2116 335 2186 huius
356 2115 471 2182 aetatis
501 2114 730 2206 cognitionem
760 2116 814 2183 vix
838 2131 949 2208 potest
968 2131 1133 2184 accurate
1154 2119 1280 2186 consti-
1312 2201 1313 2204 Ἴ

232 2220 293 2289 ιιιὶ.
338 2215 465 2286 insulas
487 2218 670 2301 Lemnum,
700 2217 850 2288 Imbrum
883 2236 984 2314 etque
1010 2219 1157 2314 Scyrum
1184 2239 1276 2290 vetn-

231 2322 391 2392 stissimes
416 2322 724 2398 Atheniensium'
714 2347 751 2390 ιιι
788 2323 873 2392 mari
909 2325 1022 2416 Aegeo
1055 2324 1270 2417 possessiones

230 2427 330 2496 fuisse
352 2445 489 2497 constat.
536 2426 591 2494 lu
587 2449 652 2494 eas
674 2426 863 2520 Philippus,
885 2429 1014 2524 quippe
1035 2428 1129 2530 quod
1149 2429 1270 2497 vicinae

231 2551 342 2602 essent
361 2532 524 2601 Threciae
545 2548 580 2598 et
611 2525 849 2623 Hellesponto,
864 2550 1044 2627 postquem
1065 2550 1154 2602 ιιιιιι
1173 2534 1274 2602 mari-

229 2661 299 2730 que
321 2635 498 2705 exturbare
525 2635 578 2702 his
603 2635 800 2726 regionibus
827 2635 1049 2706 Athenienses
1074 2654 1276 2732 susceperat,

229 2742 360 2832 saepius
395 2740 604 2809 incursiones
631 2738 790 2818 iaciebat.
856 2739 927 2810 Sed
963 2742 1063 2810 etium
1095 2759 1277 2836 antequam

227 2843 432 2938 Philippum
452 2845 543 2912 inter
570 2862 606 2912 et
623 2839 845 2912 Athenienses
875 2846 995 2916 aetiten
1023 2845 1177 2914 dimicari
1199 2869 1277 2916 coe-

226 2965 328 3041 ptum
356 2949 418 3032 sit,
448 2945 564 3017 sociali
589 2945 701 3030 bello,
735 2948 925 3032 Lemnum„
952 2950 1103 3018 Imbrum
1125 2947 1277 3044 eliasque

170 3089 174 3098 ·
226 3053 292 3122 hec
310 3055 390 3120 inr
433 3053 508 3120 ‘ne
529 3052 607 3120 sitos
628 3051 887 3122 Atheniensium
913 3053 1039 3123 insulas
1061 3055 1276 3148 impugnatus

226 3183 248 3226 a
268 3160 368 3226 sociis
388 3077 572 3226 :ffessibus
594 3181 665 3227 esse
685 3155 947 3252 detestatusque,
969 3177 1086 3228 auctor
1107 3177 1156 3228 est
1169 3158 1275 3227 Diod.

226 3259 263 3330 S.
287 3261 379 3346 XVI,
402 3285 456 3345 ιι,
478 3263 540 3330 sub
563 3261 702 3356 Olymp.
718 3259 817 3344 xCVI,
844 3284 871 3330 ι.
916 3263 1009 3332 Num
1030 3264 1133 3356 igitur
1152 3261 1276 3332 eodem

98 3390 105 3412 ι
227 3387 317 3436 ιιιιιι)
330 3385 540 3461 susceptam
572 3390 642 3436 esse
681 3365 932 3460 expeditionem
968 3388 1044 3435 eam
1079 3383 1273 3451 statuamus,

224 3472 319 3538 onius
347 3470 384 3538 in
406 3469 540 3542 decreto
569 3472 587 3539 Ι
616 3472 741 3539 mentio
772 3469 836 3540 tit?
870 3473 964 3540 Haec
986 3469 1123 3540 Gorsini
1153 3472 1271 3565 opinio

225 3591 275 3642 est
296 3576 348 3666 (F.
370 3576 413 3642 A.
435 3573 514 3644 diss.
537 3576 638 3678 VIII,
665 3599 695 3644 c.
722 3575 789 3661 16),
813 3592 847 3644 et
873 3575 1101 3644 Schoemsnni
1134 3573 1191 3666 (de
1213 3597 1272 3644 co-

222 3681 327 3746 mitiis
348 3679 483 3773 Athp.
510 3681 591 3770 ι39).
637 3681 691 3748 De
703 3705 771 3774 qno
794 3699 905 3749 umen
917 3678 1075 3774 equidem
1085 3677 1183 3748 valde
1205 3676 1271 3744 du

220 3782 306 3851 bito.
350 3785 437 3852 Nam
460 3783 682 3880 expeditionis
704 3783 766 3854 illo
795 3807 883 3853 anno
910 3785 1066 3854 adversus
1086 3785 1195 3852 socios
1215 3806 1268 3850 ne-

221 3884 385 3959 bellantes
407 3913 461 3956 eas
483 3890 521 3955 iu
540 3889 694 3984 regiones
722 3889 764 3956 nb
785 3888 1044 3974 Atheniensibus
1066 3889 1186 3956 missae
1208 3885 1271 3980 qui

79 4079 83 4090 s
220 3992 439 4085 imperatores
460 3993 614 4076 suerunt,
637 3993 771 4086 optime
801 3994 875 4064 noti
896 4010 984 4062 stant.
1028 3991 1154 4062 Chanes
1176 3993 1273 4058 enirn

221 4115 256 4166 et
277 4096 482 4192 iphicrates,
515 4117 614 4192 atque
636 4098 835 4170 Timotheus
856 4121 1022 4172 summam
1055 4117 1095 4168 co
1118 4114 1274 4190 tempore
