2706 4782
1212 277 1220 312 l

640 309 643 314 ·
735 274 825 378 ,ιι

262 504 403 567 nupero.
436 484 471 566 p.
503 475 573 544 ’356
605 493 639 542 et
668 475 743 564 389,
787 475 907 542 Aeseh.
944 503 979 543 π.
1010 499 1152 564 παραπρ.
1187 497 1231 566 Ρ.
1269 473 1322 562 45.

261 584 391 650 Exeisis
407 568 525 646 ¹tumen
546 580 774 648 Phocensibus
797 579 949 673 (Olymp.
975 579 1100 661 CVIII,
1135 583 1167 663 3)
1216 579 1322 671 Pylas

245 681 404 790 ¹quoque
419 684 598 777 Philippus
622 709 716 752 suam
737 685 774 750 in
795 701 992 775 potestatem
1013 682 1161 774 redegit,
1190 689 1324 776 easque

264 788 387 860 deinde
408 807 472 880 per
492 789 715 858 mercenarios
746 788 785 854 in
816 789 974 856 continua
997 788 1131 855 tenebat
1152 788 1342 864 custodiet

267 897 310 964 V.
340 896 440 963 Dem.
462 891 550 962 Phil.
574 893 685 988 ΙΙ,Ρ.
707 892 861 984 67,111,
887 917 923 986 p.
958 914 1028 984 119,
1056 919 1090 960 π.
1113 917 1266 983 παραπρ
1289 919 1321 986 p
1341 915 1342 950 t

124 1025 125 1028 ‘
232 998 341 1090 :tot

258 1231 295 1300 Ρ,
335 1233 369 1300 Ρ.
391 1228 467 1298 271.
513 1208 573 1284 Τίς
594 1242 637 1258 —-
657 1203 746 1291 ὑμῶν
768 1206 824 1272 οὖν
857 1203 921 1272 οἶδε
953 1205 1010 1274 τὸν
1040 1205 1319 1293 ἀποψηφισθέντα

220 1347 223 1358 ·
300 1313 510 1400 Ἀντιφῶντα,
559 1311 595 1388 ὃς
635 1310 904 1398 ἐπαγγειλάμενος·
931 1312 1077 1401 Φιλίππῳ
1119 1310 1161 1377 τὰ
1201 1309 1342 1400 recipie

67 1465 72 1524 Ι.
196 1493 197 1497 ¹
307 1416 474 1506 ἐμπρήσειν
494 1415 535 1482 τὰ
556 1411 690 1504 ὑμέτεροι
718 1417 761 1492 εἷς
782 1416 841 1502 τὴν
862 1414 953 1518 redito
972 1409 1087 1501 didm
1104 1441 1137 1482 ιι.
1159 1439 1190 1480 τ.
1215 1421 1250 1480 λ.

707 1519 789 1574 Olymp.
803 1520 866 1562 CVII.

350 1623 557 1744 Antiphon
547 1641 619 1704 rste,
642 1623 742 1689 homo
771 1638 939 1688 ceterum
937 1623 1100 1713 ignotus,
1129 1622 1264 1688 iniuria
1284 1622 1342 1686 in÷

262 1726 376 1794 album
407 1729 529 1794 civium
563 1728 822 1794 Atheniensium
856 1728 1045 1819 irrepserat.
1099 1727 1174 1809 Quo
1207 1750 1319 1820 quum

262 1851 385 1926 postea,
407 1857 493 1900 nova
512 1833 634 1898 civium
650 1835 845 1898 recensione
867 1833 1080 1920 (διαψηφίσει)
1099 1829 1200 1911 laeta,
1232 1847 1317 1897 esset

259 1955 448 2052 expunctus
482 1937 766 2035 (ἀποψηφισθείς),
805 1934 997 2026 indignatus
1039 1933 1082 1999 ad
1112 1933 1315 2030 Philippum

263 2065 334 2108 sese
355 2041 484 2130 recep1t
491 2089 501 2120 ,
531 2039 628 2130 eique
657 2037 700 2104 ad
721 2038 949 2110 comburenda
970 2039 1235 2106 Atheniensium
1257 2061 1316 2106 na-

263 2138 347 2212 valia
368 2141 458 2209 ultro
481 2167 618 2234 operam
640 2169 734 2210 suam
756 2143 887 2211 obtulit.
934 2145 1047 2229 Quum
1065 2162 1178 2210 tamen
1200 2141 1246 2209 ad
1266 2143 1315 2209 Ia-

186 2334 189 2338 Δ
266 2250 361 2314 cinus
383 2245 647 2339 perpetrandum
673 2248 835 2314 Athenas·
852 2246 939 2314 clam
960 2247 1134 2330 rediisset,
1158 2269 1311 2339 eompre-

263 2353 387 2420 hensus
407 2377 425 2416 a
441 2352 668 2422 Demosthene
691 2377 764 2419 eam
779 2354 906 2445 incepti
920 2376 1066 2444 poenam
1080 2351 1186 2436 dedit,
1205 2373 1305 2443 quem

263 2457 297 2525 h.
329 2455 352 2525 l.
385 2456 628 2526 Demosthenes
656 2457 768 2524 refert.
812 2455 856 2525 V.
880 2457 1017 2550 Ulpian.
1051 2455 1151 2524 adh.
1173 2453 1303 2524 tutat

263 2564 362 2631 Dem.
397 2587 426 2629 e.
457 2562 506 2648 ιιί.
550 2563 710 2630 Dinarch.
737 2563 774 2628 in
802 2562 974 2629 Demosth.
1006 2587 1042 2655 p.
1071 2559 1125 2648 46.

241 2711 243 2718 .
325 2711 328 2716 -
349 2665 421 2730 Iam
433 2689 511 2731 vero
526 2663 695 2760 diffieilior
706 2689 767 2731 nos
782 2667 930 2764 queestio
945 2665 987 2734 de
1001 2685 1153 2760 tempore
1163 2679 1308 2760 torquet.

235 2850 237 2854 Ι
262 2767 305 2833 In·
328 2793 395 2860 qua
417 2786 529 2833 tamen
550 2768 615 2834 hoe
643 2769 854 2836 manifestum
876 2773 1027 2861 primum
1049 2789 1108 2852 est,
1137 2772 1311 2838 exitiosum

148 2918 152 2926 ·
262 2869 349 2937 illud
372 2870 550 2938 consilium
571 2895 641 2938 non
662 2883 759 2963 'posse
782 2872 845 2940 alio
869 2889 1020 2965 tempore
1043 2876 1085 2940 ab
1098 2875 1310 2968 Antiphonte

178 2974 183 2993 ¹
262 2989 399 3072 eaptum
422 2999 500 3055 esse,
523 2977 590 3041 nisi
613 2999 680 3068 quo
692 2975 833 3043 ,bellum
852 2976 1008 3072 Philippo
1031 3003 1108 3046 cum
1122 2979 1311 3046 Athenien-

105 3117 108 3128 ·
152 3093 159 3101 '
242 3078 353 3145 vsibus
380 3077 611 3148 intercederet.
655 3080 719 3148 Res
747 3104 846 3164 vero,
881 3107 964 3175 quae
992 3084 1151 3151 continuo
1179 3109 1215 3176 Ρ.
1247 3105 1309 3174 27²

49 3223 98 3249 m
155 3264 157 3268 Ι
261 3207 311 3274 sq.
336 3205 384 3249 or.
408 3181 450 3250 de
473 3209 540 3252 eor.
570 3210 588 3249 e
612 3185 837 3254 Demosthene
858 3204 1102 3271 memorentur,
1125 3209 1251 3280 quum,
1274 3203 1311 3254 ut

261 3310 335 3378 cap.
369 3288 419 3354 IV
440 3281 708 3370 monstrabimus,
731 3275 772 3357 lo
796 3293 957 3383 temporis
979 3293 1083 3386 spatio
1105 3292 1210 3358 factae
1230 3292 1309 3374 sint,

261 3389 352 3482 quod
387 3417 504 3484 pacem
539 3391 676 3486 Olymp.
716 3393 846 3474 CVIII,
886 3419 906 3461 r
948 3397 1069 3463 initam
1116 3415 1150 3464 et
1178 3395 1309 3464 bellum

194 3527 195 3530 ¹
261 3493 399 3588 Olymp.
425 3495 499 3577 CX,
526 3523 536 3562 1
565 3513 761 3564 renovatum
782 3500 983 3584 intercessit,
1007 3503 1122 3568 omnia
1143 3500 1228 3568 haee
1250 3526 1308 3568 au-

260 3615 326 3667 tem
349 3600 393 3666 ad
415 3599 570 3668 ordinem
600 3616 634 3667 et
663 3624 798 3681 cursum
825 3605 909 3672 vitae
931 3605 1137 3673 Aeschineae
1158 3603 1308 3672 referen·

259 3717 325 3785 tur,
349 3728 556 3798 consequens
580 3725 638 3788 est,
660 3705 878 3800 Antiphontis
906 3708 993 3776 hanc
1020 3709 1302 3778 machinationem

259 3825 335 3874 aute
358 3807 499 3902 Olymp.
532 3809 663 3893 CVIII,
692 3833 806 3883 resse
836 3814 1114 3882 constituendam.
1159 3815 1300 3894 Bellum,

149 4005 153 4016 .
186 3914 187 3918 ’
258 3909 351 4002 quod
372 3933 412 3980 eo
435 3931 585 4020 tempore
608 3916 697 3982 inter
715 3915 937 3984 Athenienses
959 3937 993 3986 et
1010 3908 1208 4013 Philippum
1231 3942 1305 4012 age-
1341 3979 1342 4002 ,

256 4013 371 4094 betur,
395 4040 600 4110 quamquam
621 4039 822 4140 expugnata
830 4023 898 4088 iam
919 4022 1138 4143 Amphipoli,
1162 4023 1303 4117 Olymp.

222 4189 226 4208 .
257 4115 334 4202 CV,
354 4119 386 4200 3,
408 4139 588 4205 exarserat,
611 4124 729 4192 maiori
753 4133 865 4193 tumen
888 4127 1074 4194 intentIone
1097 4127 1146 4194 ab
1163 4126 1302 4220 Olymp.
