2740 4774
509 282 810 424 Ἀ

98 487 200 553 etiam
233 485 418 554 Demonico
453 485 729 580 pseudeponymo
759 510 814 579 p.⁴
836 484 915 569 265,
953 487 1015 553 nni
1051 479 1141 554 inter

99 614 226 672 omnes,
249 586 401 656 additum
424 606 473 679 est
493 615 619 682 nomen
641 591 846 670 demotieum
877 589 1015 674 Φλυεύς,
1046 591 1140 683 quod

93 696 136 760 in
159 694 312 786 sequenti
335 695 523 762 testimonio
546 702 593 788 (p.
617 697 695 786 ²7²)
719 693 854 762 affertur
870 694 1048 780 Δημόνικος
1058 700 1140 766 Μα-
1202 699 1209 716 ‘

99 797 269 886 ραθῶνιος.
312 789 492 866 Difficilius
515 818 574 882 est,
597 798 689 892 quod
710 798 837 879 Eubuli
860 797 994 866 decreto
1015 824 1050 891 p.
1066 799 1139 890 249

97 904 344 995 praescriptum
365 902 488 996 legitur
509 907 557 972 ἐπὶ
578 903 729 993 ἄρχοντος
740 905 923 986 Νεοκλέους,
941 929 1041 988 μηνος
1052 909 1141 990 Βοη-

98 1005 275 1095 ὃρομιῶνός
303 1031 373 1076 non
387 1049 391 1056 v
406 1005 518 1077 addito
548 1005 621 1088 die,
650 1009 710 1100 qni
738 1009 775 1078 in
807 1007 946 1101 reliquis
983 1009 1139 1074 omnihus
1183 1055 1186 1063 -

98 1113 325 1178 monumentis
348 1110 479 1178 additus
502 1129 559 1178 est.
605 1110 712 1178 Causa
731 1114 894 1179 nimirum
914 1114 953 1178 in
974 1112 1065 1179 fonte
1087 1137 1140 1181 so-

98 1213 275 1283 lummodo
298 1217 558 1308 quaeripotest,
582 1239 619 1282 ex
636 1223 708 1308 q‘uo
736 1216 870 1314 decu-ete
890 1217 988 1308 petiit
1008 1216 1060 1283 vin
1081 1215 1140 1284 ille

101 1318 236 1402 doctus,
274 1343 375 1412 quem
410 1321 447 1386 in
477 1344 518 1386 eo
547 1334 603 1386 aut
632 1344 701 1388 non
733 1325 977 1414 praescriptum
1006 1314 1141 1395 demeto

99 1447 250 1490 mensem
272 1423 440 1516 diemque,
463 1423 500 1490 id
522 1423 615 1516 quod
636 1447 712 1491 casu
735 1425 809 1514 fieri
828 1443 970 1518 poteret,
993 1443 1050 1495 eut
1069 1423 1141 1492 diei

103 1545 191 1594 certe
213 1529 419 1595 notationem
452 1552 528 1600 casu
557 1526 699 1596 deletam
731 1530 896 1596 invenisse
914 1529 1141 1599 statuendum
1241 1565 1254 1584 τ

102 1632 154 1696 sit.
199 1630 268 1698 Sed
285 1633 322 1699 in
345 1656 384 1700 eo
406 1635 483 1726 ipso,
501 1631 676 1723 religiosae
697 1649 995 1700 monumentorum
1013 1633 1142 1700 'deseri-

101 1736 230 1827 ptionis¹
241 1736 412 1830 vestigium
429 1737 609 1804 certissime
621 1735 862 1829 deprehendas,
884 1747 927 1804 ut'
943 1736 1023 1804 inde
1044 1735 1142 1804 infir-

101 1856 213 1906 metur
234 1864 347 1907 rursus
370 1839 542 1934 Spengelii
566 1843 681 1933 opinio
703 1840 738 1926 (l.
761 1866 789 1908 e.
812 1866 847 1933 p.
869 1841 959 1932 402),
989 1844 1141 1934 quinon

46 1981 48 1984 ·
101 1943 278 2010 archontes
299 1943 403 2026 solos,
426 1944 485 2010 sed
507 1969 635 2012 menses
664 1946 763 2012 etiam
790 1944 928 2037 diesque
961 1944 1143 2040 interpolet·
1210 2019 1212 2024 ¹

102 2049 186 2114 toris
219 2046 357 2116 arbitrio
388 2045 503 2115 deberi
544 2049 733 2136 contendit;
768 2048 987 2116 eon'firmetur
1027 2067 1142 2116 contra

102 2151 266 2219 Boeckhii
288 2155 465 2234 sententia,
489 2155 548 2244 qui
579 2152 790 2240 decretorum
811 2155 1031 2247 praescripta,
1055 2178 1141 2244 quae

103 2281 182 2322 sane
204 2254 360 2348 plurimis
381 2253 810 2339 laborantdiffieultetiimn
833 2259 972 2325 omnino
996 2258 1155 2348 antiquis

103 2361 331 2428 monumentis
361 2362 443 2442 niti,
470 2359 532 2428 'sed
550 2377 598 2427 'ex
627 2362 771 2428 rubticis
804 2360 1009 2453 singularum
1040 2361 1143 2429 colless

104 2465 223 2531 ctionis
245 2467 390 2557 partium
412 2463 578 2558 suppleta¹
599 2489 668 2532 esse
690 2464 833 2547 iudicat,
856 2466 1038 2559 inquibus
1061 2487 1143 2532 eon·
1171 2551 1172 2556 ἵ

105 2567 284 2641 sinuandis
305 2567 444 2635 liberius
468 2568 595 2637 auctori
616 2570 738 2637 versari
759 2569 893 2637 licuerit
913 2569 949 2653 (l.
972 2594 1001 2637 c.
1022 2594 1058 2661 p·
1078 2570 1142 2654 26).
