2740 4774
734 329 890 432 ..Q-

295 518 344 566 tra
372 495 475 564 iidem
503 494 556 561 illi
582 497 805 586 magistratus,
833 494 979 560 scribam
1008 494 1191 561 secundnm
1221 516 1328 589 pryta-

294 607 387 672 niam
419 598 495 668 dico
527 617 559 665 et
588 599 645 665 τὸν
672 601 897 688 ἐπιψηφίζοντα
902 650 913 681 ,
945 621 1089 692 quorum
1123 600 1178 667 hic
1205 601 1327 704 pbique

294 709 331 774 ll.
368 731 416 774 cc.
445 704 606 784 adfertur,
640 702 697 769 ille
730 703 860 769 dnobus
893 702 993 771 modo
1021 703 1113 770 deest
1144 712 1206 786 (nr.
1233 705 1328 795 96ct

253 835 259 842 ·
299 815 356 880 105
381 835 435 902 ap.
456 807 591 875 Boeclth
613 806 636 872 l.
660 814 712 890 c),
734 806 770 871 in
793 807 1063 876 nostrisomnino
1087 806 1327 876 desiderantur.

294 917 464 982 Nimirum
486 914 600 1004 itaque
622 912 649 976 is
672 912 743 1002 ipse
765 910 882 990 home,
911 909 970 1003 qui
999 912 1037 976 in
1059 908 1270 979 traducendis
1292 915 1328 980 in

295 1021 480 1094 orationem
503 1016 545 1081 de
568 1039 634 1083 eor.
658 1016 737 1080 actis
759 1013 903 1107 publicis
925 1014 1109 1095 desudavit,
1132 1035 1261 1109 poterat
1282 1015 1329 1084 al-

295 1140 458 1191 terutrum
488 1143 524 1186 ex
556 1118 608 1184 his
642 1119 884 1210 magistratibus
891 1152 904 1199 ,-
930 1120 990 1210 qni
1019 1117 1160 1185 decretis
1193 1121 1329 1214 praefigi

295 1227 459 1318 solebant,
479 1225 658 1292 in-nostris
682 1221 817 1304 desunt,
846 1222 990 1287 scribam
1013 1223 1197 1289 secundnm
1218 1243 1329 1318 pryta-

294 1334 403 1411 niam‚
433 1330 501 1396 sive
535 1329 709 1420 epistatam
738 1343 884 1407 senatus,
911 1349 975 1418 pro
1004 1349 1171 1419 eponymo
1200 1328 1328 1412 habere,

204 1465 213 1480 ⁸
295 1434 521 1529 eponymique
543 1429 616 1499 loco
639 1430 779 1520 decretis
801 1430 1029 1524 praescribere
1037 1429 1074 1515 *).

381 1757 417 1814 tis
439 1753 629 1824 demetiente,
657 1749 736 1810 unde
769 1752 900 1811 nimirum
927 1750 1084 1833 desumpsit
1107 1774 1155 1812 sna
1178 1753 1329 1824 Philocho-

380 1863 431 1902 rus
452 1836 655 1916 Καλλίμαχος
676 1836 884 1918 Περγασῆθεν
900 1840 962 1920 (ap.
975 1839 1063 1898 Dion.¹
1073 1839 1110 1898 H.
1128 1861 1175 1920 ep.
1189 1840 1227 1899 ad
1238 1843 1327 1902 Amin.

381 1920 407 1990 c.
441 1929 489 2006 9),
504 1920 721 2008 ’Θεόφραστος
740 1919 905 2000 Ἀλλααίς,
928 1922 1151 2005 Λυσιμαχίδης
1166 1921 1329 2008 Ἀχαρνεύς

381 2018 412 2092 (l.
435 2016 535 2089 cst).
579 2013 639 2072 Sed
653 2014 682 2071 in
698 2012 822 2070 decretis
837 2011 910 2070 illud
931 2011 1061 2070 additum
1082 2035 1223 2094 nusquam
1244 2037 1328 2097 repc-

380 2102 447 2161 ries.
495 2099 597 2180 ltaque
627 2097 748 2158 concedi
779 2098 835 2156 hoc
865 2098 984 2179 quidem
1009 2101 1116 2180 possit,
1147 2113 1174 2158 et
1203 2117 1329 2162 nostrum

381 2188 461 2246 illum
487 2186 677 2246 Demonicnm
699 2184 870 2264 Phlyensem
898 2206 933 2244 ex
965 2183 1104 2245 tabulario
1132 2207 1192 2246 esse
1215 2187 1329 2246 desum-

382 2290 481 2357 ptnm3
504 2305 548 2318 -
569 2293 627 2330 non
655 2287 748 2330 tamen
778 2293 794 2328 a
818 2272 1026 2348 Demosthene,
1056 2272 1109 2341 sed
1137 2295 1153 2330 a
1178 2277 1330 2334 recentiori

383 2359 511 2444 quodam
538 2357 635 2418 docto.
685 2357 768 2416 lllum
800 2359 874 2417 enim
903 2380 919 2417 a
945 2379 1024 2426 more
1052 2359 1136 2419 solito
1163 2360 1330 2444 designandi

383 2447 566 2508 decretorum
576 2447 715 2526 temporis
727 2445 886 2522 recessisse,
903 2467 961 2504 non
974 2459 1017 2504 est
1028 2445 1190 2526 probabile.
1233 2449 1330 2525 'Quam

383 2533 423 2594 oh
451 2555 513 2593 rem
541 2532 649 2592 etiamsi
681 2531 721 2590 oh
749 2552 851 2590 nomeu
881 2531 1053 2591 demoticnm
1080 2534 1257 2594 Demonicus
1279 2537 1330 2594 mi-

382 2642 436 2680 nus
458 2620 513 2679 tibi
534 2619 639 2679 archon
661 2640 717 2676 non
741 2639 901 2699 eponymus
924 2619 1063 2695 videatur,
1084 2620 1139 2678 hoc
1157 2636 1249 2680 tamen
1262 2643 1331 2681 con·

383 2707 469 2785 cedas
500 2721 616 2764 necesse
640 2719 691 2780 est,
713 2703 859 2764 decretum
888 2707 1042 2786 posteriori
1064 2704 1178 2766 demum
1201 2723 1330 2790 tempore
1353 2755 1354 2774 ,

384 2815 446 2854 csse
468 2795 497 2852 in
520 2793 676 2851 orationem
699 2789 736 2849 de
759 2811 820 2850 cor.
841 2789 1011 2850 traductum.
1135 2809 1137 2812 ·

339 2913 363 2993 *)
385 2913 556 2998 Spengelins
578 2911 597 2970 l.
620 2933 645 2972 c.
668 2911 748 2970 fictos
770 2911 875 2970 iudicat
897 2899 994 2972 bmnes
1015 2913 1068 2973 hos
1083 2903 1232 2976 archontes
1244 2940 1331 2998 pseu·
1352 2905 1353 2916 ἵ

383 3001 576 3085 deponymos.
628 2996 719 3075 Quod
751 3019 811 3056 mea
840 3001 977 3058 sententia
1006 3022 1126 3081 prorsus
1161 3003 1329 3062 incredibile

383 3105 435 3150 est.
477 3089 552 3148 Nam
576 3087 627 3169 qui
650 3108 707 3145 non
730 3107 766 3144 ex
794 3085 861 3144 actis
890 3083 1032 3167 publicis,
1062 3087 1115 3147 sed
1145 3105 1179 3148 ex
1208 3093 1328 3172 proprio

381 3176 498 3259 ingenio
526 3173 721 3240 decretisjhis
746 3171 959 3253 praescribebat
985 3175 1141 3252 archontes,
1171 3198 1238 3236 enm
1277 3179 1329 3236 hoc

383 3277 461 3322 certe
483 3281 620 3324 annorum
643 3257 882 3340 designandornm
905 3281 986 3318 cansa
1015 3260 1115 3320 fecisse
1143 3264 1247 3345 ntique
1276 3280 1329 3324 sta·

382 3346 522 3408 tuendum
549 3361 601 3406 est.
645 3346 676 3404 ls
699 3359 791 3403 tamen
820 3345 893 3426 quid
918 3347 1062 3407 assecutus
1089 3365 1162 3408 esset
1188 3352 1329 3431 praescri·

382 3433 486 3493 bendis
518 3431 701 3492 archontibus
727 3453 845 3512 prorsus
876 3433 947 3497 lictis
974 3449 1008 3492 et
1035 3455 1088 3493 nec
1115 3435 1169 3494 sibi
1193 3459 1250 3496 nec
1270 3438 1350 3498 cni»

384 3543 470 3604 qnam
493 3517 584 3580 notis?
628 3517 707 3576 Idem
730 3519 802 3577 miro
823 3540 942 3600 prorsus
968 3519 1053 3580 modo
1076 3522 1224 3582 Aeschinis
1246 3547 1350 3593 aecum

383 3608 484 3668 sationi
522 3627 621 3666 verum
655 3606 884 3686 praescripsisset
918 3628 1092 3689 eponymtnn
1121 3608 1349 3692 Chaerondarn,1

383 3693 578 3774 Ctesiphontis
604 3691 859 3776 antemxdccreto,
896 3693 977 3774 qnod
1007 3694 1094 3752 latum
1124 3696 1228 3755 eodem
1256 3717 1349 3756 anno*

382 3797 433 3857 est,
455 3781 552 3840 lictum
562 3779 745 3859 Entltyclem3
768 3777 800 3838 id
811 3779 892 3860 quod
904 3781 1005 3838 mirum
1017 3781 1100 3838 etiam
1117 3797 1177 3840 tum
1200 3799 1286 3857 esset,
1306 3783 1326 3841 si
1348 3759 1349 3797 t

382 3890 417 3929 ex
439 3867 585 3949 Spengelii
607 3867 745 3947 opinione
772 3865 920 3926 Aeschinis
946 3865 1075 3926 libellum
1094 3876 1196 3928 contra'
1216 3886 1325 3929 nostros
1347 3911 1348 3916 κ

382 3955 505 4014 calculos
538 3951 575 4011 ad
608 3951 655 4012 Ol.
685 3951 756 4027 CX,
784 3950 806 4022 4
836 3973 921 4034 epon.
951 3952 1113 4039 Phrynicho
1143 3923 1348 4018 relerendnml

380 4039 578 4102 contenderes.
631 4040 725 4115 Quam
755 4038 793 4098 oh
821 4061 882 4098 rem
911 4040 934 4100 si
961 4041 1030 4098 miru
1067 4040 1186 4122 quidem
1220 4059 1265 4103 est
1299 4044 1324 4100 in

328 4147 332 4151 ·
380 4128 682 4210 pseudoponymorum
713 4125 827 4188 illorum
858 4120 967 4208 aliquot
998 4127 1159 4188 nominibus
1193 4131 1325 4192 termina·
