2712 4762
740 253 913 384 Q..

295 453 351 520 τὸν
371 451 489 539 κὴριαιο
511 451 559 540 (p.
584 449 626 538 59
646 452 758 532 extr.);
779 465 947 540 postrema
968 445 1050 514 haec
1075 445 1175 514 verba
1196 446 1239 512 ud
1258 447 1318 524 τοάς

296 553 430 635 ’ξενικοὺς
458 549 629 641 στεφάνους
663 547 838 617 referenda
872 571 941 616 esse
974 549 1162 635 coutendit3
1199 565 1269 618 tum
1291 576 1318 644 p.

294 660 337 728 60
350 683 394 724 m.
416 659 466 724 καλ
489 657 541 722 διὰ
563 661 656 722 τοῦτο
678 653 870 742 προςίθηκεν
891 649 1107 741 ὃνομοθίτης,
1131 644 1188 734 ait,
1208 654 1253 741 μὴ
1272 681 1318 740 ιη-

295 763 466 849 ρίττεσθαι
495 757 552 825 τδν
580 756 745 846 ἀλλότριον
777 758 942 845 στίφανον
962 756 994 824 ἔν
1023 763 1069 848 τῷ
1093 756 1238 848 θεάτριρ,
1266 757 1319 824 ἐὰν

293 867 344 952 μὴ
367 865 590 954 ψηφίσηται
612 858 630 926 ὃ
653 865 794 947 δῆμος,
812 860 854 928 ‘le'
875 856 895 945 ἦ
918 860 1007 938 πόλις
1027 857 1048 946 ἢ
1066 862 1242 948 βουλομένη
1263 887 1318 928 τινα

294 977 357 1038 τῶν
384 966 541 1055 ἡμετέρων
570 971 759 1054 στεφανοῦν,
789 966 934 1053 πρίσβεις
965 965 1120 1050 πέμψασα
1148 967 1250 1054 δεηθῇ
1276 970 1320 1032 τοῦ

294 1073 406 1159 δῆμον.
451 1070 616 1162 Denique,
639 1086 818 1161 postquam
847 1066 1090 1161 ipsamlegem
1109 1069 1247 1135 recitari
1266 1070 1321 1135 ius·

294 1193 396 1244 seret:
418 1172 541 1242 inscide·
561 1173 665 1239 τοίνυν
686 1175 898 1250 ἐξαπατῶντες
917 1169 1000 1256 άμάς
1020 1172 1158 1258 λίνοισιν,
1183 1169 1228 1250 ὡς
1240 1197 1321 1262 προς-

292 1281 463 1368 γίνραπται
490 1277 523 1342 ἓν
543 1282 588 1366 τῷ
620 1273 707 1366 νάμιρ
734 1275 873 1354 ἐξεῖναι
901 1281 1136 1363 στεφανοῦν,
1170 1275 1237 1344 ἐάν
1257 1294 1321 1362 ψη-

293 1386 456 1472 φίσηται
479 1377 495 1444 ὅ
520 1382 662 1465 δῆμος,
685 1378 952 1464 ἀπομνημονεύετε
968 1377 1074 1454 αιίτοῖς
1087 1375 1283 1462 άποβάλλειν,
1302 1379 1322 1446 ά

294 1489 332 1553 δί
350 1486 389 1554 σε’
407 1509 455 1561 τις
475 1483 553 1569 άλλη
581 1480 670 1558 πόλις
697 1493 854 1569 στεφανοῖ.
899 1481 948 1548 Ex
980 1481 1033 1548 bis
1060 1481 1152 1548 haud
1180 1484 1321 1576 ambigue

294 1591 394 1674 totius
426 1586 508 1678 legis
542 1586 629 1652 hanc
663 1584 893 1654 conditionem
924 1583 1024 1652 fuisse
1051 1587 1231 1655 coniicias:
1264 1588 1321 1681 pri-

185 1746 189 1754 .
293 1720 383 1762 mum
428 1693 500 1774 eius
538 1708 670 1784 partem
708 1712 817 1758 servos
856 1690 893 1755 in
930 1688 1058 1756 theatro
1094 1715 1199 1758 mauu
1236 1691 1320 1771 mitti,

295 1799 433 1866 alteram
462 1797 549 1863 cives
578 1819 611 1860 a·
631 1793 801 1874 tribubus,
834 1793 969 1860 tertiam
995 1818 1014 1859 a
1043 1790 1150 1888 demis
1178 1795 1320 1882 coronari

292 1903 444 1984 vetuisse,
467 1909 607 1991 eamque
619 1895 740 1964 iisdem
752 1896 887 1965 fortasse
908 1897 1027 1981 verbis,
1050 1921 1137 1990 quae
1159 1899 1198 1964 in
1221 1923 1269 1967 or.
1289 1897 1320 1964 de

266 2029 361 2080 ¹cor.
384 2019 569 2072 servantur:
592 2001 687 2079 άοοος
716 2001 906 2090 στεφανοοσί
931 2025 1010 2079 τινες
1040 2009 1104 2069 τῶν
1133 2002 1254 2086 δήμιον,
1276 2001 1320 2078 τάς

293 2107 509 2196 άνοφορεάσεις
533 2111 601 2173 τῶν
623 2103 784 2195 στεφάνων
810 2111 969 2173 ποιείσθω
997 2107 1030 2172 ἐν
1059 2106 1166 2184 αιἰτοῖς
1186 2106 1321 2181 ἑκάστους

292 2224 359 2290 τοῖς
378 2214 469 2289 ἰδίοις
495 2209 621 2296 δήμοις·
649 2225 819 2302 postremo
843 2210 932 2275 'bueo
960 2211 1083 2301 scripta
1111 2210 1319 2302 probabiliter

292 2315 399 2384 dices:
427 2312 507 2402 μήθ’
531 2311 582 2382 ὕπ’
612 2313 708 2406 άλλοο
732 2311 866 2400 μηδενὸς
894 2315 927 2380 ἓν
947 2319 992 2406 τῷ
1013 2313 1140 2405 θεάτρῳ
1161 2313 1319 2404 άναγορεά·

291 2428 385 2490 εσθαι
407 2418 668 2508 στεφανούμενον,
702 2416 723 2502 ἢ
745 2415 858 2502 άτιμον
880 2413 956 2497 εἶναι
977 2417 1033 2485 τδν
1053 2418 1190 2506 κήρυκα,
1214 2419 1268 2486 ἐὰν
1285 2415 1318 2502 μή

291 2549 379 2608 τινας
406 2516 428 2589 i
456 2525 556 2608 δῆμος
581 2518 598 2586 ὃ
627 2526 690 2587 τῶν
711 2519 890 2607 Ἀθηναίων
917 2521 938 2608 ἢ
968 2518 989 2607 ἦ
1013 2521 1113 2607 βουλὴ
1135 2525 1317 2612 ψηφίσηται·

290 2627 421 2704 τοάτοος
443 2628 469 2692 δ
491 2627 599 2703 ἔξείναι
620 2626 653 2691 ἐν
674 2630 720 2715 τῷ
740 2623 868 2715 θεάτρῳ
886 2625 1317 2714 Διονοσίοιςάνονορεάτσθαι.

291 2731 364 2798 Iam
384 2751 462 2798 uero
484 2729 522 2794 in
545 2751 583 2794 ea
604 2724 694 2817 lege,
724 2751 809 2820 quae
839 2731 877 2794 in
907 2751 954 2795 or.
984 2725 1025 2795 de
1053 2752 1121 2796 cor.
1152 2731 1317 2808 invenitur,

291 2835 412 2904 omissa
434 2848 512 2900 sunt
528 2828 643 2907 ‚media
665 2828 737 2898 illa:
760 2830 840 2916 μήθ’
861 2828 913 2897 ὕπ’
935 2831 1031 2898 ἄλλον
1052 2832 1186 2918 μηδενός
1208 2861 1237 2902 ιι.
1252 2860 1278 2900 τ.
1297 2839 1316 2897 λ

282 2934 392 3004 'Unde
411 2933 521 3026 legem
541 2935 629 3003 hanc
645 2957 716 3000 non
738 2932 849 3002 solum
870 2953 1001 3026 partem
1023 2959 1093 3003 esse
1107 2938 1316 3030 psteattotius

198 3089 204 3104 ,
289 3040 372 3131 legis
393 3039 625 3132 Dionysiacae,
649 3037 709 3105 scd
732 3060 804 3105 eam
827 3036 935 3120 etiam
948 3063 984 3106 ex
1006 3040 1141 3109 arbitrio
1166 3066 1185 3107 a
1208 3043 1317 3108 Demo·

289 3144 406 3212 sthene
427 3143 647 3224 decurtatam,
678 3140 824 3234 ideoque
846 3166 916 3231 uon
938 3170 958 3209 s
983 3146 1161 3214 recentiori
1185 3145 1316 3238 quodum

167 3289 172 3298 ·
288 3248 360 3324 viro
388 3245 504 3329 docto,
535 3246 594 3314 sed
626 3247 667 3313 ab
704 3263 834 3313 oratore
872 3248 947 3339 ipso
985 3249 1128 3317 orationi
1160 3250 1314 3316 insertam

197 3343 204 3356 ’
268 3351 519 3420 'Veruntamen
547 3350 752 3418 decurtatam
781 3373 820 3417 ex
856 3351 994 3420 arbitrio
1024 3352 1133 3444 legem
1159 3352 1314 3420 iudicibus

285 3455 499 3548 proposuisse
512 3454 783 3536 Demosthenem,
798 3453 968 3522 difficilius
980 3454 1189 3532 crediderim.
1219 3458 1313 3541 Quart

287 3561 331 3628 ob
353 3559 425 3626 rem¹
448 3556 546 3622 aliem
575 3559 625 3651 rei
654 3559 817 3625 ustionem
842 3557 943 3626 fuisse
971 3561 1131 3653 suspicor.
1177 3561 1255 3634 Non
1274 3578 1312 3627 to

286 3681 354 3732 tam
375 3662 485 3754 legem
507 3660 745 3754 Dionysiacam
773 3664 1011 3755 interpretatur
1038 3664 1238 3746 Aeschines,
1264 3659 1311 3730 sed

286 3767 358 3833 eius
380 3762 589 3834 solummodo
617 3765 765 3846 initium,
796 3767 834 3832 in
857 3789 924 3860 quo
953 3791 1117 3834 summam
1139 3767 1222 3859 legis
1245 3790 1310 3835 cou-

284 3870 443 3962 scriptum
463 3866 638 3962 probabile
661 3886 709 3936 est
730 3869 781 3937 his
803 3869 872 3937 lere
894 3870 1019 3937 uerbis:
1040 3870 1309 3958 perstiteritis

150 3951 152 3956 Ι
283 3979 451 4061 λεοθεροῦν
478 3975 511 4040 ἓν
537 3978 582 4062 τῷ
603 3971 730 4063 θεάτρῳ
736 4023 746 4055 ,
776 3973 856 4060 μήθ’
884 3971 944 4041 ino*
967 3979 1030 4043 τῶν
1051 3982 1191 4064 φυλετῶν
1219 3976 1307 4061 ἢδη-
