2694 4784
496 293 655 402 ..j-{7—

76 469 154 538 randi
168 464 334 560 exigendi
366 489 462 534 causa
498 463 594 532 adire
628 459 843 558 Philippumv
861 459 1099 544 demandatum

77 561 151 655 esset,
172 573 311 640 Athenis
333 569 444 637 adhuc
474 585 779 650 commorarentur,
810 565 848 634 id
877 566 972 661 quod
998 569 1100 635 etiam

77 677 195 772 epistola
218 675 369 743 Charetis
393 674 584 744 confirmat:
607 701 640 740 π.
663 699 803 761 παραπρ.
825 697 859 765 p.
882 671 935 758 40.
962 673 1098 765 'Itaque

77 785 230 876 Philippus
251 781 342 846 inter
369 780 478 872 ipsam
504 778 596 871 pacis
624 777 817 870 pactionem
844 774 988 854 Thracia
1008 779 1099 870 poti,-

81 907 121 968 us,
140 887 214 954 dato
238 885 338 951 etiam
359 901 436 974 post
458 883 537 950 »iure
565 880 705 950 iurando
727 904 881 974 paceque
902 879 1098 951 confirmata
1226 891 1228 896 “

82 989 186 1058 castella
207 987 268 1056 illa
289 988 447 1066 obtinuit,
469 1004 508 1052 ut
524 1011 615 1081 quae
642 1005 713 1053 non
734 985 993 1080 Atheniensium
1014 984 1097 1052 luis-

77 1113 137 1175 sent,
167 1091 235 1173 sed,
267 1116 369 1184 quem
391 1089 603 1172 debellasset,
636 1087 873 1183 Cersobleptis.
918 1090 1027 1159 Erant
1048 1109 1097 1158 et-

75 1201 144 1264 enim
165 1223 202 1264 ea
223 1197 361 1262 maximi
384 1195 557 1274 momenti,
580 1195 710 1287 qpippe
733 1219 818 1288 quae
841 1212 874 1262 et
887 1192 1095 1271 Chersoneso

37 1311 38 1390 ᾖ
74 1322 96 1370 et
117 1301 322 1395 Hellesponti
347 1299 542 1392 regionibus
574 1300 801 1366 imminerent.
854 1300 1096 1395 Quapropter
1198 1319 1201 1334 “

72 1407 226 1500 Philippus
242 1407 346 1472 'inter
375 1407 485 1497 ipsam
512 1405 603 1497 pacis
630 1405 823 1495 pactionem
850 1402 1096 1496 expeditionem

71 1511 144 1578 illam
162 1502 329 1603 perlicere
351 1509 542 1588 conabatur,
565 1525 604 1576 ut
633 1507 855 1576 Athenienses
882 1532 983 1602 opem
1012 1511 1095 1578 Cer-

70 1615 193 1709 soblepti
223 1616 311 1681 lerre
332 1635 417 1706 pace
445 1613 530 1678 inita
554 1609 821 1703 impedirentur,
851 1612 1094 1686 Demosthenes

70 1739 164 1786 contm
181 1719 283 1813 legati
297 1719 349 1784 ius
366 1713 547 1784 iurandum
559 1717 715 1794 exacturi,
737 1733 774 1782 ut
787 1715 994 1810 Philippum,
1016 1722 1095 1787 ubi.

70 1848 180 1918 cunque
208 1838 413 1902 versaretur,
447 1844 576 1887 summa
604 1819 771 1898 celeritate
794 1818 940 1903 adirent,
967 1848 1094 1918 propo-

70 1931 126 1996 suit.
165 1928 388 1996 Athenienses
409 1947 505 2006 vero,
535 1925 770 2017 instigantibus
806 1925 1009 2012 oratoribus,
1035 1953 1094 1997 eo·

69 2055 191 2128 rumque
212 2030 305 2099 haud
333 2032 475 2098 minime
497 2029 740 2112 Demosthene,
773 2028 907 2097 castella
933 2029 994 2098 illa
1021 2057 1093 2100 ma·
1178 2063 1182 2076 ·

71 2160 208 2225 gnaeum
227 2135 477 2208 exacerbatione
494 2135 655 2202 continuo
668 2134 900 2228 reposcebant,
922 2150 1094 2228 tamquam

72 2263 126 2308 suae
145 2241 286 2308 fuissent
307 2239 463 2321 ditionis,
495 2237 590 2332 quod
620 2239 733 2306 eiectis
760 2239 829 2304 suis
859 2235 1022 2308 militibus
1054 2268 1093 2310 ea

72 2362 238 2437 occupasset
263 2342 455 2437 Philippus.
512 2344 588 2428 Quo
619 2343 762 2430 crimine
783 2360 823 2410 ut
844 2366 914 2410 sese
937 2345 1093 2415 eximeret

37 2529 38 2534 ἵ
74 2443 235 2541 Philippus,
260 2446 399 2540 Olymp.
422 2445 518 2528 CIX,
542 2470 562 2512 a
584 2447 685 2512 missa
707 2443 751 2510 ad
772 2421 1092 2542 Athenienses‘epi-

36 2589 37 2628 x
76 2551 140 2635 sula,
161 2579 227 2646 qua
251 2574 307 2619 eos
329 2549 374 2617 ad
395 2549 645 2642 componendas
667 2549 906 2630 controversias
928 2575 1090 2645 provoca-

72 2649 117 2736 bat,
135 2655 171 2723 id
192 2679 328 2750 quoque
349 2663 541 2750 proposuit,
564 2654 607 2722 de
629 2649 770 2722 castellis
793 2653 863 2722 illis
884 2671 923 2724 nt
943 2656 1017 2726 iure
1038 2683 1091 2728 se·

71 2778 126 2825 cum
154 2761 382 2830 convenirent.
434 2759 477 2830 V.
506 2761 693 2830 orationem
723 2756 765 2827 de
787 2759 972 2844 Haloneso,
1001 2785 1090 2834 anno

70 2856 112 2928 illo
129 2864 268 2934 Athenis
289 2864 447 2946 habitam,
469 2864 585 2957 ibique
605 2889 641 2958 p.
663 2865 718 2947 85,
740 2863 843 2946 unde,
867 2864 953 2957 quid
972 2867 1091 2936 condi·

71 2962 103 3029 tio
120 2965 173 3036 illa
194 2994 215 3035 a
238 2967 401 3064 Philippo
421 2970 595 3064 proposita
614 2969 757 3038 Athenis
785 2969 962 3054 effecisset,
989 2971 1089 3044 facile

69 3085 154 3152 potest
174 3070 343 3143 concludi.
566 3066 570 3078 '

70 3309 90 3354 a.
124 3319 155 3388 p.
176 3297 253 3388 248.
273 3299 326 3369 aul
346 3295 509 3388 Μεγάροις
534 3300 703 3386 ἐπιχειρῶν.

36 3414 38 3445 t
322 3423 324 3428 ,
416 3388 649 3460 Olymp.0V111.⁴s2.

36 3504 37 3563 t
134 3486 285 3560 Proximo
314 3507 392 3585 post
419 3513 473 3557 res
500 3490 538 3556 in
565 3487 678 3556 media
713 3487 856 3559 Graecia
889 3495 1087 3586 compositas

36 3569 39 3650 l
71 3594 194 3680 tempore
224 3618 332 3686 quam
351 3617 420 3661 nna
441 3617 480 3660 ex
500 3609 597 3687 parte
618 3593 657 3661 in
678 3594 951 3688 Peloponnesum
972 3617 1088 3670 aucto-

36 3692 38 3745 ι
69 3685 177 3761 ritatem
197 3719 291 3766 snam
312 3695 507 3780 uanssm,
535 3721 573 3766 ex
595 3697 699 3767 altera
719 3700 890 3769 Euboeam
911 3703 978 3770 sibi
1000 3729 1088 3774 asse-

69 3807 125 3858 rere
144 3799 317 3896 Pbilippns
338 3800 555 3885 moliebatur,
584 3825 667 3896 quas
696 3827 750 3871 rea
773 3806 934 3875 continuo
957 3813 1089 3903 exposi-

70 3898 120 3961 turi
138 3919 256 3990 sumus,
275 3905 376 3974 simul
397 3908 647 3998 Megarensium
668 3932 805 4002 qnoque
827 3911 993 3980 ciuitatem
1014 3931 1089 3982 ten·

70 4000 147 4083 tabat,
167 4009 294 4103 quippe
316 4035 418 4104 quam
444 4009 497 4078 vel
521 4013 667 4078 maxime
693 4013 761 4080 sibi
790 4033 1017 4109 opportunam
1039 4022 1089 4086 vi-

71 4093 158 4188 deret,
178 4135 254 4180 eum
284 4115 327 4181 ob
354 4115 504 4183 vicinum
524 4117 736 4186 Athenarum
757 4119 875 4202 situm,
897 4137 970 4190 tum
993 4122 1087 4216 quod

1164 349 1170 394 l
