2642 4780
670 257 829 394 Α

223 457 278 528 Eo
300 473 451 547 temporo
473 451 655 547 Philippus
675 453 778 524 rebus
798 457 836 522 in
856 455 1029 524 Thessalia
1050 454 1204 526 feliciter
1229 481 1296 552 ge-
1318 477 1319 480 ’

227 566 287 634 stis
308 563 346 630 in
366 559 546 626 Thraciam
575 559 705 628 invasit
719 559 830 649 (Dent.
854 559 997 654 Olynth.
1031 561 1065 644 1,
1102 563 1156 652 13)
1186 581 1231 632 et
1254 565 1319 633 itt¹

228 668 436 754 Chersoneso
460 663 641 746 Heraeum,
661 663 869 732 Atheniense
884 663 1076 747 castellum,
1099 666 1295 737 obsidione

226 771 345 842 clausit
376 766 536 860 (Olynth.
558 767 628 848 111,
649 791 684 861 p.
707 765 788 858 29),'
818 787 962 862 quatuor
977 771 1137 840 ¹tribusne
1167 773 1288 856 annin

224 872 529 945 utDemostheues
551 869 650 954 dicit,
681 890 758 940 aute
780 890 923 968 tempus,
954 897 1023 967 quo
1053 873 1200 968 Olyntb.
1239 899 1288 946 or.

228 982 304 1050 lllh
327 979 415 1046 abite
439 993 505 1060 est,
528 977 644 1044 mense
667 977 966 1060 Maemacterione,
999 976 1141 1072 Olymp.
1172 983 1295 1050 nimi-

224 1109 313 1154 rumx
326 1082 432 1162 CVll,
461 1105 486 1148 t.
529 1079 656 1148 Nuntio
675 1079 741 1152 hoe
762 1081 911 1151 Athenas
933 1080 1034 1150 allato
1060 1085 1288 1177 perturbatos

225 1203 438 1280 summopere
470 1183 693 1252 Athenienses
733 1185 863 1254 sortiter
900 1187 1055 1254 resistere
1088 1187 1290 1258 decrevisse

227 1294 377 1390 quidem,
398 1307 576 1383 postquam
598 1307 710 1356 tamen
727 1306 939 1383 compertum
961 1308 1055 1372 esset,
1077 1291 1290 1388 Philippum

165 1433 170 1452 ι
225 1414 483 1476 summoturum,
507 1395 814 1462 autcertemorbo
845 1417 915 1462 csse
937 1395 1106 1477 afflictum,
1129 1421 1217 1490 opus
1244 1401 1288 1468 in

223 1511 397 1597 posterum
418 1499 599 1577 remisisse,
622 1496 730 1567 douec
744 1501 914 1591 sequentis
936 1499 1287 1574 anniBoedromione

226 1605 470 1674 Charidemum
492 1604 531 1670 in
557 1601 629 1670 illas
650 1601 814 1694 regiones
831 1603 995 1672 miserint.
1040 1604 1162 1674 Morbo
1194 1631 1284 1676 vero

203 1712 383 1780 afflictum
403 1707 604 1802 Philippum
629 1723 800 1800 tamquam
830 1709 998 1800 praesenti
1031 1725 1183 1802 tempore
1206 1711 1284 1779 De-

223 1815 414 1886 mosthenes
441 1811 599 1880 indicat
589 1835 627 1878 tn
654 1829 703 1881 οι.
726 1809 816 1877 Phil.
840 1812 896 1894 l,'
899 1836 936 1906 p.
926 1811 1017 1901 .t‡3:
1048 1814 1181 1902 vterque
1212 1819 1282 1886 ot-

221 1929 345 2002 λιππος,
370 1945 407 1986 ou
425 1919 474 2002 μὰ
495 1910 548 1987 Δι’
569 1913 637 1982 ἀλλ’
659 1909 796 1984 ἀσθενεῖ.
849 1955 853 1968 ι
1007 1943 1011 1952 ’

225 2045 230 2054 ·
312 2023 363 2092 Ex
392 2022 443 2094 his
473 2021 576 2112 igitur
609 2015 810 2110 argumentis
849 2014 1053 2114 indiciisque
1085 2023 1276 2093 orationem

223 2125 451 2221 Philippicam
474 2126 489 2191 l
511 2147 582 2191 nou
603 2121 691 2190 ultra
714 2121 771 2190 01.
787 2121 883 2190 CVII
905 2149 933 2190 ι.
961 2148 973 2212 ι
1001 2127 1276 2198 constituendum

225 2243 296 2300 esse
325 2232 455 2324 opinor.
511 2226 613 2313 Quod
643 2227 676 2294 si
705 2245 849 2309 constat,
885 2229 1144 2322 impressionem
1174 2233 1272 2300 illam

222 2335 378 2429 Philippi
405 2336 443 2401 in
471 2333 638 2400 Lemnum
666 2347 700 2398 et
721 2332 873 2432 Imbrum
906 2335 995 2402 cirea
1026 2335 1163 2430 Olymp.
1186 2335 1268 2403 CVI

101 2439 105 2447 ’
223 2440 295 2527 asi
318 2440 438 2532 factam
463 2459 550 2520 esse,
579 2436 823 2506 contenderim.
868 2437 983 2506 Nolim
1013 2442 1105 2508 enim
1128 2439 1264 2535 Olymp.

223 2545 321 2615 ovtt
342 2568 370 2612 a.
398 2567 425 2627 ι,
450 2541 617 2638 quia-hoc
639 2562 728 2610 anno
749 2540 921 2610 Nausicles
950 2565 1030 2610 cnm
1050 2545 1209 2614 subsidiis
1230 2547 1269 2614 in

219 2649 411 2718 Phocidem
426 2647 545 2718 missus
567 2645 712 2713 truditur
734 2671 786 2739 up.
811 2645 914 2714 Diod.
938 2647 1031 2742 XVI,
1053 2650 1107 2740 37.

225 2761 258 2782 ·’
307 2755 373 2820 lies
388 2763 486 2832 uero.
513 2755 596 2844 quas
627 2749 768 2817 alterum
793 2747 967 2820 decretum
988 2753 1140 2836 exhibet,
1166 2755 1271 2826 ctiam

220 2854 371 2926 densiori
401 2857 602 2924 obscuritate
627 2871 837 2948 premuntur.
896 2858 1069 2942 Quaenam
1097 2875 1146 2926 est
1176 2860 1270 2927 enim

221 2960 389 3056 expeditio
413 2959 472 3027 illa
495 2957 686 3041 Salaminia,
709 2965 876 3052 quaenam
901 2985 1015 3054 pugna
1037 2959 1081 3030 ad
1097 2961 1270 3030 fluvium?

218 3067 361 3145 Fluvios
388 3066 461 3159 ipse
494 3061 587 3163 hund
613 3062 716 3134 dubie
749 3065 783 3133 lv
814 3071 854 3152 τῆ
883 3069 1039 3153 Σαλαμῖνι
1076 3064 1271 3160 intelligen-

219 3169 282 3240 dus
313 3188 377 3253 est,
411 3168 450 3239 id
469 3181 526 3236 'est
547 3166 719 3238 'Salamina
751 3187 810 3238 aut
845 3170 1087 3264 praeterfluens
1123 3187 1181 3238 ant
1213 3173 1270 3238 in·

218 3277 395 3357 terfluens,
423 3289 467 3342 ut
498 3291 637 3396 pugna
634 3273 742 3342 haec
769 3271 814 3341 sd
851 3273 990 3343 fluvium
1027 3274 1125 3344 nullo
1162 3275 1266 3364 mpdo

218 3378 468 3448 confundenda
477 3381 524 3476 sit
551 3400 631 3446 eum
658 3385 745 3469 μαχῇ
767 3380 816 3448 bel
837 3385 894 3448 τοῦ
914 3387 1073 3466 ποταμοῦ,
1103 3380 1142 3447 in
1164 3355 1266 3448 Dem.

219 3507 268 3552 or.
292 3484 335 3552 de
357 3507 439 3553 cor.
436 3509 481 3578 p.
505 3486 570 3553 300'
590 3500 785 3566 memorata·
809 3507 896 3578 quae
916 3483 1033 3578 paullo
1055 3502 1132 3553 ente
1156 3485 1266 3554 Chae-

216 3587 362 3658 ronense
387 3587 557 3682 proelium
583 3577 715 3656 accidit.
759 3585 1267 3658 V.iul'1uc.V.1neoer

216 3716 293 3762 rore
320 3693 487 3790 Taylorus'
516 3685 820 3786 deprehenditur.
849 3693 961 3778 Quare
991 3717 1060 3762 nec
1084 3693 1169 3788 qnid
1196 3692 1262 3760 sibi

216 3798 298 3868 uelit
324 3799 464 3868 Hieron.
495 3797 618 3866 Wolfii
647 3797 842 3891 explicatius
882 3819 1018 3892 „pugna
1045 3796 1090 3866 a'd
1121 3798 1260 3866 fluvium

128 3965 134 3976 ‚
191 3897 196 3915 '
216 3899 363 3970 Elissnm
377 3903 575 3971 commissn“
592 3900 755 3993 intelligo,
769 3904 836 3973 nisi
848 3901 1048 3995 Cephissum
1059 3900 1261 3997 cogitaverit.

215 4004 332 4098 Pugna
354 4005 613 4106 &diluitur
639 4005 846 4074 secernenda
867 4005 910 4073 ab
931 4007 1148 4100 expeditione
1168 4003 1264 4074 Sala-

215 4109 554 4206 niinln,‘cademque
576 4125 662 4180 esset
689 4133 728 4180 ae
749 4106 808 4178 illu
835 4111 872 4180 in
895 4133 946 4182 or.
972 4109 1017 4179 de
1036 4131 1113 4184 «cor.
1142 4135 1175 4204 p.
1197 4111 1262 4182 300
