2694 4784
671 258 861 382 aa..

259 439 350 521 toris,
373 437 583 514 incursiones
606 440 734 532 (neap.
748 438 782 504 h.
798 463 849 506 nr.
862 439 884 508 6
898 455 933 506 et
942 445 990 530 9)
1010 455 1188 542 postquam
1202 439 1307 512 Athe-

256 545 399 628 ruienses,
422 539 566 634 quod'
537 566 584 610 ers
614 567 633 608 a
654 542 813 636 Phrl1ppo
841 545 1054 638 propositum
1076 564 1163 626 erat,
1192 563 1230 612 ut
1250 569 1308 614 ve·

258 665 364 716 terem
395 644 438 712 de
470 645 593 712 linibus
622 639 879 715 controversiam
911 673 988 714 cum
1019 646 1197 716 Cardianis
1232 649 1307 742 lege

256 766 498 843 componerent
526 753 590 836 (or.
621 749 664 817 de
690 739 820 818 Halon.
833 775 867 842 Ρ.
891 751 949 833 86,
980 754 1056 842 87),
1084 752 1241 846 superbe
1251 777 1306 820 re-

257 871 429 948 spuerant
456 854 569 948 (epist.
606 853 695 922 Phil.
731 877 767 946 Ρ.
813 855 1144 949 161).Diopithes
1178 876 1305 940 contra,

54 953 58 961 ’
155 995 159 1000 v
257 960 444 1026 Thracibus
467 983 486 1026 a
507 956 666 1053 Philippo
689 961 890 1052 oppugnatis
919 958 1096 1052 opitulatus
1120 977 1169 1027 est
1190 969 1230 1044 (v.
1255 987 1305 1030 or.

108 1109 111 1118 ,
198 1091 200 1094 ·
258 1057 302 1140 de
334 1062 496 1130 Cherson.
529 1087 563 1156 p.
595 1068 670 1152 92),
700 1061 840 1156 Olymp.
872 1063 968 1164 CIX,
999 1065 1030 1132 3.
1082 1064 1233 1134 Violatae
1258 1069 1305 1136 ita

257 1169 350 1260 pacis
373 1185 411 1234 ut
431 1166 474 1234 de
496 1167 658 1258 Diopithe
679 1168 835 1234 meritam
855 1190 999 1262 poenam
1012 1189 1182 1237 sumerent
1199 1171 1306 1240 Athe-

228 1295 233 1336 ι
256 1273 400 1353 nienses,
413 1270 592 1364 Philippus
604 1268 743 1363 epistola
754 1273 854 1346 missa
868 1269 1067 1364 postulabat.
1082 1309 1084 1314 ·
1107 1272 1149 1343 V.
1164 1293 1305 1366 arguant.

259 1377 303 1443 ἰιι
330 1401 378 1445 or.
409 1373 458 1442 de'
483 1374 647 1442 Cherson.
693 1375 788 1459 Quae
805 1371 924 1445 ¹oratio
946 1399 1008 1469 per
1037 1377 1135 1446 istam
1164 1377 1305 1473 quidem

141 1535 143 1542 .
242 1483 468 1549 'occasionem
489 1479 600 1546 hahita
622 1496 689 1560 est,
705 1503 796 1579 num
818 1485 897 1548 vero
919 1479 961 1547 ad
983 1480 1107 1573 legatos
1138 1483 1304 1578 Philippi,

229 1577 231 1588 ’
256 1584 392 1655 nullum
419 1583 586 1650 indicium
607 1606 688 1675 prae
710 1607 745 1650 se
766 1584 847 1669 fem
876 1609 988 1678 neque
1015 1583 1152 1654 aliunde
1176 1607 1302 1658 constat

257 1691 448 1784 Pythonem
469 1707 540 1760 tum
561 1688 704 1754 Athenis
727 1687 879 1774 adfuisse,
901 1688 1000 1760 sicuti
1020 1689 1137 1759 eodem
1152 1707 1303 1786 tempore

256 1789 396 1862 abaliis
419 1810 554 1886 quoque
578 1791 739 1860 Graeciae
760 1795 956 1862 civitatibus
978 1796 1094 1864 missas
1123 1820 1193 1870 esse
1214 1795 1306 1891 lega-

256 1901 376 1978 tiones,
398 1921 615 1990 nequaquam
638 1915 897 1966 consentaneum
921 1917 1004 1968 est.
1056 1929 1059 1934 ·

256 2069 259 2080 ,
343 2001 538 2102 Insequenti
566 2017 718 2096 tempore
751 2025 915 2094 nusquam
943 2003 1097 2098 Philippi
1129 2002 1173 2095 ad
1199 1947 1305 2074 Athe-

165 2111 168 2117 '
254 2110 389 2174 aienses
412 2103 628 2198 legationem
634 2124 851 2188 memoratam
873 2108 1037 2213 invenio,
1043 2107 1221 2201 usquead
1244 2111 1306 2180 oh-

43 2290 46 2297 ,
149 2223 154 2228 '
255 2227 378 2280 cessam
409 2235 428 2276 a
456 2207 615 2303 Philippo
635 2200 897 2300 Byzantiorum
906 2214 1081 2306 civitatem
1132 2215 1220 2283 Tum
1245 2215 1305 2283 de-

255 2341 351 2386 mum
376 2315 438 2380 uhi
458 2311 618 2412 Philippo
649 2311 905 2410 Hellespontum
932 2317 1036 2408 magis
1064 2319 1237 2411 magisque
1265 2321 1305 2387 in

254 2419 431 2490 ditionem*
448 2443 543 2488 suam
575 2417 750 2511 redigente
784 2421 972 2488 exsuscitati
1001 2418 1225 2492 Athenienses
1260 2422 1306 2490 ad

217 2546 219 2556 ’
255 2517 388 2602 hellam
409 2541 544 2602 strenue
555 2522 849 2619 adcingeba‘ntur,
881 2541 914 2592 et
934 2523 1176 2594 Demosthenes
1204 2530 1310 2597 tertia

257 2648 467 2724 quartaque
475 2610 669 2721 Philippica
698 2645 844 2721 ruptam
855 2629 931 2696 iam
960 2653 980 2694 a
999 2628 1173 2722 Philippo
1183 2655 1304 2726 pacem

254 2759 325 2802 esse
348 2727 555 2814 ostenderat,
564 2730 776 2827 Philippus
790 2733 883 2803 omni
911 2735 979 2800 iam
1006 2733 1220 2808 simulatione
1245 2736 1303 2802 ab·

254 2841 340 2908 iecta
369 2836 508 2930 Olymp.
539 2837 624 2919 CX,
667 2861 679 2904 ι
714 2836 890 2932 epistolam
917 2837 1178 2909 Atheniensibus
1209 2841 1304 2909 misit

131 2979 132 2982 ι
253 2967 344 3024 eam,
368 2965 455 3034 quae
484 2937 720 3011 Demosthenis
746 2958 926 3062 suspectae
947 2944 1090 3012 orationi
1114 2942 1199 3030 πρὸς
1219 2950 1300 3018 wat.

249 3046 419 3132 ιιιιοιιιιὴν
442 3045 535 3114 affixa
558 3058 616 3114 est.
660 3045 733 3114 Hac
755 3047 848 3112 enim
879 3046 1036 3120 excitatus
1057 3039 1301 3118 Demosthenes

218 3145 219 3148 ¹
254 3149 488 3222 duodecimam
516 3173 609 3242 suam
632 3148 791 3218 adversuh
813 3149 1013 3245 Philippum
1041 3168 1122 3222 orat.
1144 3151 1300 3220 habuisse

159 3343 160 3348 Ρ
251 3253 360 3328 fertur
380 3234 591 3348 Dionysiol.
614 3277 652 3322 c
666 3255 698 3346 §.
723 3277 774 3323 ιο.
798 3275 882 3336 eam,
906 3257 998 3324 cuius
1018 3255 1188 3326 exordium
1209 3276 1300 3326 certe

255 3375 359 3430 exstat
380 3359 417 3426 in
438 3361 600 3440 oratione,
623 3381 711 3452 quae
731 3381 824 3442 nuuc
854 3357 903 3426 ad
924 3360 1113 3464 Philippi
1143 3355 1302 3455 episto-

250 3463 331 3532 lam
351 3479 498 3530 vocatur.
544 3465 652 3568 Quam
674 3461 859 3531 orationem
873 3464 1054 3558 Dionysius
1076 3463 1112 3550 (l.
1136 3489 1163 3533 c.
1184 3465 1215 3554 ς.
1236 3467 1301 3554 12.)

252 3567 451 3658 Philochori
474 3563 668 3642 auctoritate
690 3567 800 3648 nisus,
832 3589 899 3661 quo
927 3585 1076 3662 tempore
1102 3569 1301 3660 Byzantium

178 3666 179 3669 ¹
252 3698 272 3739 a
292 3653 456 3774 Philippo
479 3669 706 3752 obsidebatm,
727 3669 876 3739 habitam
900 3695 971 3737 esse
989 3671 1173 3741 contendit.
1218 3675 1299 3794 Epi-

250 3776 372 3844 stolam
392 3799 469 3844 vero
490 3801 533 3841 an
549 3798 611 3868 per
626 3773 750 3867 legatos
766 3775 904 3842 miserit
909 3769 1146 3870 Philippus,
1118 3801 1231 3870 easque
1246 3779 1297 3843 in-

252 3879 402 3947 terfuerit
430 3880 457 3945 P
481 3879 557 3962 tho,
585 3891 656 3946 non
687 3894 827 3948 constat.
880 3876 980 3970 Quod
1009 3896 1085 3948 utut
1106 3906 1140 3948 se
1168 3881 1297 3962 habuit,

251 3979 451 4106 epistolaP
424 3905 597 4104 P6ilippi,
628 4008 741 4077 quum
773 4001 922 4076 apertam
958 3985 1027 4052 iam
1055 3967 1158 4052 belli
1167 3983 1298 4054 denun-

250 4090 430 4178 cittionem
457 4089 642 4171 contineat,
673 4105 764 4170 certo
792 4105 870 4180 post
899 4086 989 4164 illud¹
1006 4106 1151 4190 tempus
1173 4091 1299 4203 scripta
