2750 4772
683 285 910 390 Α
1243 285 1249 314 ι

329 460 443 546 Quum
474 456 565 526 enim
597 451 770 524 decretum
787 441 907 521 illud
905 470 1040 545 prorsus
1061 465 1225 542 repugnet
1244 439 1281 516 εἰ
1360 515 1361 520 ,

240 561 341 636 robus
366 561 505 656 Olymp.
530 560 652 642 CVlll,
676 559 807 626 cinter
826 559 919 650 pacis
941 575 1019 622 cum
1039 549 1201 646 Philippo
1220 575 1281 648 pa
1360 563 1361 568 ’

241 667 388 738 ctionem
420 665 518 760 gestis
549 679 583 729 et
612 685 728 728 rerum
755 661 976 781 temporibus,
1013 655 1184 749 reliquum
1221 672 1282 736 est,
1360 667 1361 678 ¹

240 787 280 842 ιιι
301 769 344 840 td
365 768 466 838 ollem
487 791 605 859 pacem
625 766 803 847 referatur,
833 780 867 830 et
887 765 953 830 nisi
975 761 1019 830 ad
1044 763 1149 842 hano,
1181 781 1286 852 qnam

241 871 345 944 ruodo
369 870 626 965 exploravimus,
656 887 734 963 post
761 869 961 960 Byzantium
985 855 1167 933 liberatum
1193 887 1288 931 com-

245 979 411 1072 positam,
451 971 493 1040 ad
521 993 640 1066 pacem
671 998 744 1040 earn
776 967 1005 1052 solummodo,
1037 994 1122 1063 quae
1155 965 1288 1034 cladem

216 1081 514 1152 'Chaeronensem
536 1077 709 1144 subsecuta
732 1095 790 1142 est
833 1073 888 1142 Ad
911 1099 1013 1166 quam
1026 1077 1207 1165 quominus
1228 1095 1287 1137 re-
1360 1117 1361 1120 ι

246 1183 388 1262 foretur,
422 1205 475 1248 rcs
507 1167 642 1273 quidem
670 1181 781 1246 minus
816 1179 957 1246 obstant.
1009 1178 1176 1244 Dicitur
1165 1201 1203 1243 ιιι
1226 1173 1288 1241 de-
1360 1193 1361 1204 ¹

246 1303 336 1358 creto
365 1284 542 1379 Philippus
570 1307 689 1376 pacem
714 1283 828 1364 secisse
858 1283 966 1348 missis
995 1280 1037 1348 ad
1063 1280 1287 1348 Athenienses

244 1390 370 1484 legetis.
416 1390 500 1455 Item
527 1405 694 1480 reportata
715 1385 759 1452 ad
787 1386 1016 1453 Chaeroneam
1044 1386 1182 1453 victoria
1203 1383 1289 1450 Phi-

246 1493 380 1588 lippum
410 1517 429 1558 a
463 1491 652 1557 Demade
641 1517 678 1556 ιιι
708 1499 822 1582 pugua'
850 1508 946 1582 capto
978 1482 1062 1576 odeo
1074 1490 1290 1580 mitigatum
1360 1485 1361 1502 ¹

248 1619 317 1664 csse
340 1595 509 1662 Diodorus
531 1594 634 1662 refert
656 1587 764 1684 (XVI,
787 1597 854 1685 87),
877 1611 915 1660 ut
934 1618 1051 1687 pacem
1073 1591 1169 1661 ultro
1182 1591 1290 1660 Athe-

247 1697 419 1770 niensihus
450 1696 617 1765 obtulerit
676 1700 886 1794 Quamquam
926 1723 963 1764 ea
991 1722 1044 1765 res
1078 1697 1290 1790 aliquetenus

248 1821 298 1872 cst
319 1804 520 1890 dubitationi
542 1802 692 1870 obnoxia.
738 1803 857 1894 Neque
890 1803 981 1868 enim
1008 1803 1085 1869 satis
1114 1825 1133 1866 a
1161 1803 1290 1870 Demo-

249 1907 365 1976 sthene
387 1905 619 1988 confirmatur,
650 1906 709 1999 qui
736 1905 920 1971 Demadem
949 1907 1086 1973 nonnisi
1096 1907 1205 1997 „pacis
1228 1929 1290 1970 au·
1360 1981 1361 1986 γ

250 2029 376 2079 ctorem
401 2011 525 2075 factum
551 2009 637 2075 ‘dicit
659 2008 716 2098 (de
747 2033 815 2076 cor.
842 2035 876 2101 p.
900 2011 991 2094 320),
1006 2031 1131 2101 vneque
1160 2033 1180 2073 a
1205 2006 1291 2075 Plu·
1360 2061 1361 2070 ,

249 2114 472 2207 ta1·cho,yqui
500 2110 686 2178 Demadcm
722 2111 872 2180 decresse
902 2113 962 2194 ait,
996 2130 1034 2179 ut
1066 2112 1289 2180 Athenienses
1360 2111 1361 2168 ἓ

254 2216 297 2286 ed
324 2218 415 2308 pacis
447 2217 633 2284 communis
668 2217 872 2309 conciliique
909 2241 928 2282 a
966 2211 1101 2284 Graecis
1139 2214 1290 2286 habendi

254 2323 459 2406 societatem,
479 2318 675 2389 accederent
717 2321 831 2410 (Phoc.
855 2345 884 2388 c.
912 2321 975 2412 16).
1020 2321 1206 2388 Dinarchus
1228 2321 1290 2388 de-

250 2416 355 2516 nique
378 2449 397 2488 a
420 2422 572 2492 Diodoro
601 2447 735 2516 prorsus
767 2423 934 2505 dissentit,
958 2421 1127 2492 decretum
1149 2425 1289 2493 afferens

252 2527 488 2606 Demosthenis
518 2545 594 2624 post
623 2525 752 2595 cladem
786 2528 1059 2602 Chaeronensem,
1074 2530 1194 2611 latum,
1218 2553 1288 2622 quo

338 2805 483 2886 cupaber,
513 2827 529 2864 a
558 2827 590 2864 se
610 2785 760 2907 scriptam,
793 2823 822 2866 et
850 2807 926 2890 typis
961 2807 1016 2867 iam
1046 2827 1190 2868 excussam
1218 2808 1289 2892 qni-

320 2891 419 2969 dem,
455 2891 583 2952 nondum
611 2910 703 2952 tamen
731 2893 760 2951 in
787 2893 890 2976 vulgus
919 2891 1037 2970 editam,
1063 2895 1195 2976 privatim
1225 2915 1289 2954 me-
1360 2893 1361 2932 ἶ

338 2999 404 3038 cum
425 2979 528 3061 insigni
550 3001 601 3038 sua
622 3001 673 3062 erg
674 2997 688 3038 e
710 3001 755 3038 me
776 2979 947 3040 humanitate
958 2981 1182 3041 communicant
1225 2979 1289 3041 Sed

276 3067 278 3072 '
339 3060 484 3167 singulare
505 3067 608 3125 hoc
582 3067 635 3125 vrri
657 3065 767 3168 egregii
787 3067 897 3126 bouum
917 3082 979 3126 turn
1000 3066 1114 3128 demum
1126 3067 1195 3126 mihi
1216 3088 1290 3128 con·

240 3151 241 3156 '
270 3171 272 3176 ’
340 3153 413 3235 tigit,
435 3174 526 3234 quum
555 3167 654 3214 octava
684 3154 740 3212 iam
772 3155 1037 3214 commentariorum
1061 3175 1192 3214 meorum
1221 3153 1289 3236 pla-

340 3239 407 3321 gula
427 3240 511 3320 prelo
534 3239 661 3300 subiecta
683 3249 752 3318 erat,
773 3261 827 3300 nec
847 3243 993 3302 retraetari
1013 3241 1068 3300 iam
1088 3255 1222 3322 poterant
1244 3263 1288 3318 es,

340 3324 449 3406 quibus
471 3325 649 3386 difficultates
669 3327 699 3385 in
721 3327 838 3388 decreto
859 3327 909 3386 illo
931 3329 1047 3410 positas,
1071 3329 1146 3409 ipses
1168 3326 1289 3410 quidem

255 3403 267 3488 Α,
341 3426 470 3472 accurate
503 3427 684 3493 perspectas,
719 3433 868 3474 removere
886 3421 993 3474 'tumen
1025 3413 1165 3474 infelicius
1200 3436 1288 3496 supra

342 3511 522 3558 tentaveram.
571 3498 660 3570 Plura
692 3497 729 3558 de
756 3503 990 3561 commentatione
1019 3501 1089 3578 hac,
1116 3522 1192 3582 quae
1221 3522 1288 3561 cum

341 3585 393 3645 hac
415 3600 510 3644 nostra
531 3585 625 3665 opella
648 3604 825 3646 communem
852 3587 993 3668 quandam
1020 3587 1162 3646 materiem
1190 3585 1287 3663 habet,
1360 3653 1361 3658 ἵ

253 3739 258 3753 .
311 3737 316 3747 ¹
342 3693 419 3731 nunc
441 3669 537 3730 dicere
543 3670 637 3754 nolo,
659 3693 695 3732 ne
717 3671 746 3732 in
768 3673 874 3748 rehuS,
907 3695 982 3756 quoe
1003 3695 1079 3732 nunc
1101 3671 1287 3775 exponendae
1360 3671 1361 3678 ¹

342 3773 416 3834 sunt,
437 3759 514 3816 iusto
536 3739 649 3839 longius
671 3759 807 3818 detinear.
857 3757 1045 3820 Commodior
1066 3760 1140 3820 enim
1161 3761 1192 3819 in
1213 3760 1287 3842 Epi·

340 3846 408 3924 logo
425 3845 523 3903 nostri
543 3845 611 3904 libri
637 3846 719 3936 locus
747 3847 802 3906 erit
829 3861 858 3906 et
890 3847 928 3906 ad
947 3844 1124 3912 retractanda
1146 3867 1189 3924 ca,
1211 3837 1306 3930 quae

342 3931 379 3988 dc
402 3930 519 3990 decreto
541 3931 622 3991 illo
614 3928 642 3990 ιιι
665 3933 862 4015 superioribus
884 3932 1036 4015 disputavi,
1060 3935 1134 3993 etsi
1158 3956 1215 4016 qua
1234 3933 1286 3994 alia

342 4032 421 4093 suut,
451 4033 515 4077 sunt
542 4033 636 4077 autem
658 4019 806 4095 nonnulla,
834 4018 871 4080 de
899 4019 1008 4101 quibus
1034 4021 1133 4104 oputio
1155 4041 1217 4082 mea
1237 4031 1286 4080 aut

341 4119 466 4164 correcta
487 4125 503 4164 e
524 4105 669 4168 Roecllrio
692 4107 736 4185 sit,
758 4121 806 4168 eut
828 4105 997 4170 confirmata.
1036 4161 1041 4168 .
