2706 4782
605 266 626 331 3

536 354 695 378 ..ιιι-μυι-

178 435 274 521 Quae
295 457 340 500 ne
361 435 508 504 inaniter
530 461 549 502 a
570 457 626 504 me
648 431 739 502 dieta
756 450 965 520 censeantur.
1011 435 1082 504 Sed
1104 441 1139 508 in
1176 451 1178 463 '
1227 447 1230 464 '

88 537 326 607 Demosthenis
349 541 534 608 orationem
558 537 600 608 de
615 561 748 610 ,corona
764 541 1022 608 commentarios
1038 541 1142 609 bisto-

86 645 175 711 ricos
206 660 240 709 et
270 643 528 736 chronologicos
557 645 594 710 in
631 640 807 736 publicum
838 646 1070 736 propositurus
1103 671 1142 712 ex

86 750 158 842 ipsa
180 745 239 814 illa
260 747 490 817 subsidiorum
512 745 554 814 ad
570 737 738 816 oratorem
755 746 1016 842 intelligendum
1031 775 1141 844 penu-

88 855 136 920 ria
157 852 406 922 excusationem
436 855 474 920 in
496 853 615 946 primis
640 869 757 945 petere
787 851 876 921 volui
905 877 1025 944 operae
1047 878 1140 920 meae

89 957 184 1022 inea
206 955 442 1024 Demosthenis
465 958 618 1024 oratione
649 955 845 1040 collocatae,
878 982 981 1050 quam
1008 976 1048 1025 ut
1068 983 1140 1026 om·
1201 979 1202 985 ’

87 1061 182 1128 nium
205 1062 417 1128 notissimam
447 1079 480 1128 et
508 1061 550 1127 ab
573 1061 721 1154 antiquis
749 1062 878 1154 pariter
906 1086 945 1128 ac
973 1065 1139 1130 recentio-

86 1165 179 1232 ribus
201 1164 306 1259 pleno
329 1163 440 1232 laudis
463 1183 496 1234 et
517 1163 746 1233 admirationis
770 1189 828 1234 ore
850 1165 1052 1234 celebratam
1067 1190 1138 1246 om-

86 1269 182 1336 nibus
207 1267 454 1362 explanationis
475 1268 676 1347 adiumentis
708 1268 902 1337 adornatam
929 1273 997 1354 iam
1028 1288 1060 1337 et
1081 1297 1138 1340 oc-

86 1391 243 1466 cupatam
255 1396 327 1443 non
343 1397 443 1440 nemo
455 1375 646 1466 speraverit.
691 1375 820 1442 Verum
835 1393 947 1442 tamen
968 1400 1021 1442 res
1036 1374 1136 1468 longe

87 1477 147 1544 alia
180 1496 243 1546 est.
297 1476 399 1562 Quod
437 1479 529 1546 enim
565 1480 603 1548 in
634 1479 872 1547 Demosthenis
912 1478 1135 1572 explicatione

86 1606 255 1650 summum
277 1597 337 1667 est,
360 1580 398 1648 id
419 1583 456 1648 in
478 1585 728 1652 commentariis
749 1581 952 1676 plerumque
976 1585 1136 1652 omissum

89 1709 141 1754 sen
166 1688 286 1754 minus
312 1684 539 1778 ponderatum
570 1687 716 1755 invenio.
772 1687 1005 1756 Demosthenis
1043 1691 1136 1756 enim

95 1813 214 1860 summa
235 1792 285 1858 vis
308 1792 471 1870 oratoria,
503 1815 567 1882 qua
589 1792 708 1860 ceteris
737 1791 920 1860 oratoribus
947 1791 1048 1886 longe
1077 1817 1121 1860 an

92 1895 220 1979 recellit,
244 1897 283 1964 in
305 1916 345 1962 co
366 1895 581 1988 potissimum
602 1896 712 1988 posita
734 1910 801 1976 est,
830 1894 922 1988 quod
945 1919 1015 1964 non
1036 1895 1135 1990 plau-

89 1996 158 2066 sum
177 1998 240 2068 sed
260 1999 514 2100 persuasionem
537 1997 746 2066 audientium
769 2000 919 2094 quaerit,
941 2023 1012 2068 non
1032 2001 1135 2070 verbe
1234 2087 1235 2092 ἵ

88 2105 236 2172 sonantia
262 2119 296 2172 et
326 2101 505 2171 artificiose
528 2104 728 2194 composita,
762 2128 862 2172 sensu
893 2121 1005 2172 tamen
1031 2127 1134 2173 vacua
1161 2191 1165 2197 Δ

90 2205 218 2286 fundit,
250 2231 321 2276 non
353 2209 532 2274 sententias
564 2225 688 2301 captat,
722 2205 783 2275 sed
810 2208 960 2277 oratione
991 2231 1079 2298 pura
1100 2212 1134 2274 e't

91 2309 233 2405 simplici
256 2309 423 2380 iudicium
444 2314 610 2406 expromit
630 2335 743 2380 rerum
763 2312 902 2380 veritate
924 2328 958 2379 et
967 2310 1132 2400 ¹historiae

93 2415 293 2502 experientia
320 2414 502 2486 stabilitum
526 2433 559 2484 et
581 2416 824 2483 confirmatum.
876 2413 1000 2482 Verbis
1029 2415 1133 2507 igitur

97 2511 176 2582 levis
198 2533 253 2598 est,
277 2515 334 2584 sed
354 2518 477 2611 plenus
499 2543 611 2587 rerum
633 2505 750 2612 copia,
780 2535 813 2584 et
840 2518 1004 2592 laetorum
1026 2517 1133 2586 abun·
1238 2581 1242 2586 .

93 2613 184 2686 danti
204 2624 364 2694 memoria
384 2625 525 2716 stipatus
547 2626 619 2692 sine
647 2621 824 2706 recondita·
848 2623 1053 2716 antiquitatis
1076 2622 1133 2688 'hi-

91 2724 272 2818 storiaeque
303 2729 494 2818 cognitione
531 2725 705 2796 intellectu
734 2725 961 2795 difficillimus.
1013 2727 1132 2794 Talem

90 2850 166 2896 vero
197 2855 304 2922 quum
330 2831 459 2924 ubique
490 2857 526 2900 se
547 2833 702 2925 praebet,
733 2848 805 2900 tum
839 2833 877 2898 in
904 2827 962 2898 illa
987 2820 1131 2900 maxime

90 2934 250 3018 oratione,
281 2961 349 3029 qua
375 2938 461 3006 vitae
487 2961 566 3004 suae
595 2937 827 3029 factorumque
856 2933 958 3004 veluti
983 2935 1131 3004 tabulam
1241 2933 1246 2942 ’

89 3037 209 3128 pictam
237 3043 507 3132 repraesentavit.
560 3040 661 3108 Unde
689 3041 758 3108 iam
792 3057 956 3132 quanmm
985 3063 1062 3106 cum
1093 3041 1149 3106 in.

90 3163 291 3238 unoquoque
313 3145 547 3218 Demosthenis
576 3168 696 3238 opere,
729 3162 802 3213 tum
823 3145 860 3210 in
881 3143 945 3210 hac
967 3144 1038 3210 eius
1060 3167 1131 3210 maa
1205 3195 1211 3214 ,

22 3285 23 3306 t
89 3246 171 3315 xime
207 3250 360 3318 oratione
387 3273 506 3318 rernm
541 3248 717 3344 explicatio
751 3246 962 3344 praepollere
1001 3245 1130 3329 debeat,

22 3345 24 3430 ξ
91 3353 163 3421 satir
181 3355 404 3448 perspicuum
425 3373 483 3424 est

137 3631 145 3642 Ν
169 3560 240 3630 Sed
261 3564 421 3632 orationis
445 3562 488 3630 de
510 3585 633 3634 corona
658 3563 799 3655 propria
828 3559 993 3652 quaedam
1013 3560 1135 3629 condi-'
1197 3619 1200 3625 .
1233 3643 1238 3654 Ι

96 3662 134 3730 tio
161 3683 227 3749 est,
267 3690 355 3759 quae
383 3665 589 3760 singularem
620 3667 786 3758 propositi
819 3667 925 3734 nostri
954 3667 1131 3748 rationem,

93 3761 185 3837 hocce
224 3769 386 3864 opusculo
431 3768 701 3866 persequendam
739 3771 901 3837 excitavit.
962 3767 1134 3840 Premitur

94 3873 175 3940 enim
196 3899 237 3943 ea
257 3875 406 3968 propriis
425 3873 626 3968 quibusdam
646 3897 710 3942 nec
726 3873 851 3967 exiguis
869 3873 1133 3956 difficultatibus,

95 3995 172 4063 quae
205 3979 273 4045 nisi
304 3997 462 4048 excussae
485 3981 554 4046 sint
589 3978 847 4072 expeditaeque,
878 3983 1064 4048 accuratius
1086 3980 1135 4048 le·

758 4087 821 4151 1*“
