2708 4768
72 439 171 518 enim,
195 432 338 504 Charete
363 435 501 518 reiecto,
530 457 660 504 summu
681 433 807 506 laetitia
828 463 847 504 a
865 440 1034 532 Byzantiis
1055 451 1112 510 'exa‘
1164 497 1167 502 .

71 557 205 634 ceptum
226 559 297 606 esse
318 535 515 608 Plutarchus
537 557 651 610 namt
671 540 694 607 l.
718 565 748 608 c«
1072 559 1075 568 ’

69 784 102 857 9.
152 783 186 858 p.
218 765 292 856 274.
307 761 516 854 ’Χερῥόνησος
536 769 723 898 inspicite,
755 793 790 860 p.
820 762 1111 852 aim'oinootdioor

113 870 253 947 ἅπαντας
274 869 449 954 ἀπέστειλα,
473 871 547 936 καθ’
568 869 624 947 siit
644 869 905 962 Χεῤῥόνησος
930 873 1036 962 ἐσώθη
1057 879 1109 942 και
1203 907 1207 920 ·

115 971 294 1056 Βυζάντιον.
338 973 470 1066 prid.
493 973 674 1062 ψῆφισμα
694 973 1010 1064 Χερῥονησιτῶν.
1071 979 1074 988 ’
1188 987 1191 994 ’

56 1089 59 1102 =
436 1077 653 1134 ormena
626 1077 744 1126 ors
858 1081 870 1100 ·»
1075 1077 1100 1099 ι·

155 1163 266 1244 Urbes
290 1163 547 1244 Cher-senenses,
570 1165 733 1255 aquibus
756 1155 1115 1274 decretumdecor'o
1196 1171 1204 1184 ”

68 1265 192 1338 nando
212 1267 470 1335 Atheniensium
498 1281 612 1334 senatu
632 1267 873 1372 populoque.¹
852 1289 1037 1338 reservatae
1058 1265 1110 1340 sa

69 1369 150 1441 luti'e
170 1371 399 1465 libertatisque
428 1373 531 1464 gratia
563 1360 669 1438 latu'm
703 1390 753 1440 est
780 1372 836 1456 (dc
865 1397 933 1441 cor.
961 1399 997 1466 p.
1020 1377 1107 1460 256),

71 1479 203 1558 Sestos,
221 1474 334 1558 Eleus,
359 1473 527 1569 Madytus,
550 1473 831 1582 Alopeconnesus,
853 1481 935 1545 sitae
956 1497 1051 1546 erant
1070 1482 1109 1546 in

72 1583 292 1649 Chersoneso
308 1579 498 1661 Thracia,
493 1603 603 1672 qnam
634 1601 673 1659 eo
709 1596 874 1672 tempore
879 1583 1109 1650 Athenienses

73 1683 286 1779 possidebant
314 1681 467 1776 quidem,
502 1681 562 1750 sed
589 1677 759 1750 continuis
787 1675 978 1794 Philippi
967 1703 1114 1779 impres-¹

75 1791 220 1858 sionibus
259 1785 557 1880 moliminibusquc
593 1804 751 1854 tentatam
781 1809 857 1854 cum
874 1798 1004 1870 antes,
1037 1807 1115 1860 ιιιιιι

72 1896 236 1974 institue,¹
258 1893 318 1958 ubi
353 1893 532 1959 Thraciam
567 1891 827 1984 Byzantiamque
863 1883 1113 1996 eipeditionem'
1176 1942 1182 1953 s
1226 1975 1228 1981 Ι

69 1995 250 2090 Philippus
277 2013 477 2088 susceperas
528 1995 656 2062 Eadem
686 1995 778 2060 enim
808 1997 882 2086 ipsa
910 2001 1118 2090 opportuni-s,
1164 2022 1167 2030 ¹

69 2121 151 2170 tate
150 2102 367 2169 Chersoneso
390 2103 488 2167 etiam
500 2098 728 2190 Philippum
717 2115 896 2166 intentasse
908 2097 1118 2192 periculum,

70 2208 168 2274 satis
166 2208 243 2298 ipse
266 2205 507 2272 Demosthenes
536 2202 634 2270 docet
660 2227 707 2270 or.
731 2195 773 2268 de
799 2225 866 2271 cor.
895 2203 930 2269 ll.
953 2229 1001 2272 cc.
1043 2207 1135 2274 Βιιι·Ι

7 2317 8 2324 ’
69 2335 159 2398 vero,
188 2325 226 2377 ut
248 2309 370 2378 clarius
399 2308 545 2401 perspici
579 2310 702 2470 possit,
725 2305 820 2373 altius
851 2301 1022 2456 repetatur
1049 2333 1112 2378 nc

69 2439 160 2502 cesse
183 2413 240 2482 'est
335 2481 337 2494 ,
423 2455 425 2463 ,
469 2451 472 2462 ·
1026 2455 1029 2462 ·
1101 2455 1103 2462 ι

136 2516 384 2588 Chersonesus
402 2514 555 2598 Thracia
586 2535 680 2588 tum
691 2511 736 2588 bb
765 2459 865 2616 slitltn
885 2513 1111 2628 Hellesponto

68 2625 237 2705 vicinum,
267 2643 300 2693 et
329 2644 553 2718 opportunam
581 2629 618 2692 in
641 2615 748 2695 Ponte
762 2611 902 2694 Euxino
911 2629 1115 2730 navigatio-

69 2751 160 2809 nem,
183 2745 258 2796 tum
277 2731 321 2798 ob
342 2730 511 2796 immenti
516 2723 754 2796 abundantiam
765 2715 950 2824 pristinis
941 2745 1020 2797 ram
1030 2750 1117 2798 tem

68 2833 210 2927 poribus
245 2851 321 2926 post
353 2833 502 2902 Milesios
532 2833 752 2900 Athenienses
786 2831 831 2900 lta
872 2824 1044 2917 allexerat,
1076 2854 1115 2902 ιιι

70 2955 177 3006 aetate
199 2939 266 3002 iam
287 2939 450 3004 Pisistrati
472 2965 490 3004 a
514 2936 681 3032 Miltiade,
707 2937 843 3030 Cypseli
867 2937 955 3019 fili0,‘
972 2965 1115 3033 occupa-0

70 3060 140 3132 tam
163 3041 303 3132 (Herod.
326 3041 387 3122 VI,
411 3041 455 3130 34
476 3046 542 3134 sq)
559 3063 627 3134 'per
648 3043 755 3110 verius
778 3041 901 3108 deinde
924 3051 1114 3138 temporum

70 3171 166 3220 cesus
180 3147 358 3224 ,amissam
389 3165 447 3210 seu
475 3147 519 3213 inv
535 3145 715 3215 discrimen
736 3161 901 3224 vocatam,
925 3143 1116 3214 dimiserint

70 3255 273 3343 numquam(
301 3246 388 3314 Belli
404 3249 513 3338 'igitur
529 3249 805 3342 Peloponnesiaci
829 3251 985 3318 fluctibus
1009 3249 1116 3344 quum

70 3374 182 3424 essent
204 3355 245 3422 ab
266 3353 329 3420 hac
353 3373 488 3446 quoque
518 3356 708 3474 grarissima
736 3355 942 3450 possessione
973 3353 1115 3448 depulsi,

68 3461 223 3549 restituta
246 3465 320 3524 mox
341 3453 496 3523 libertate
528 3479 560 3524 et
583 3451 813 3526 dominatione
836 3471 970 3536 ornnem
994 3457 1117 3524 dabant
1146 3525 1149 3538 ,

68 3559 222 3660 operam,
244 3580 282 3629 ut
304 3586 377 3629 eam
398 3561 463 3627 sibi
487 3557 597 3634 denuo
613 3559 833 3638 vindicarent.
879 3555 920 3629 ld
938 3564 1117 3654 quominus

66 3668 292 3764 perficerent,
332 3665 507 3734 obstabant
543 3643 615 3734 tum
650 3659 796 3734 Thraces
832 3691 852 3733 e
876 3667 1118 3762 septentrione

70 3771 277 3842 Chersonesi
297 3765 499 3851 habitantes,
529 3770 696 3866 quinon
709 3769 817 3838 solum
839 3756 878 3839 ιιι
900 3769 1118 3850 Chersones0‚
1156 3815 1161 3827 ι
1242 3777 1245 3784 ’

68 3903 192 3956 verum
208 3869 307 3944 etium
295 3865 602 3974 perPropontidis
619 3855 712 3940 oram
730 3867 911 3995 imperium
924 3899 1022 3940 suum
1035 3871 1120 3940 dila

37 3974 161 4062 ‘tare
167 3973 424 4054 contendebant
469 3969 751 4070 Confligendum
742 3981 845 4071 agitur
858 3980 1017 4071 'proximo
1044 3997 1119 4045 ante

67 4101 217 4156 aetatem
238 4079 464 4176 Philippicem
486 4099 637 4200 tempore
658 4083 925 4186 Atheniensibus
949 4099 1018 4152 crat
1040 4101 1136 4160 cum,

617 4244 659 4260 ..
744 4193 786 4260 13
