<?xml version="1.0" encoding="UTF-8"?>
<!DOCTYPE html PUBLIC "-//W3C//DTD XHTML 1.0 Transitional//EN"
    "http://www.w3.org/TR/xhtml1/DTD/xhtml1-transitional.dtd">
<html xmlns="http://www.w3.org/1999/xhtml" xml:lang="en" lang="en">
 <head>
  <title>
</title>
<meta http-equiv="Content-Type" content="text/html;charset=utf-8" />
  <meta name='ocr-system' content='tesseract 3.04.00' />
  <meta name='ocr-capabilities' content='ocr_page ocr_carea ocr_par ocr_line ocrx_word'/>
</head>
<body>
  <div class='ocr_page' id='page_1' title='image "./francisciwiniew00winigoog_0279.png"; bbox 0 0 2750 4772; ppageno 0'>
   <div class='ocr_carea' id='block_1_1' title="bbox 245 293 1289 561">
    <p class='ocr_par' dir='ltr' id='par_1_1' title="bbox 245 293 1289 561">
     <span class='ocr_line' id='line_1_1' title="bbox 718 293 799 366; baseline -0.03 0.455"><span class='ocrx_word' id='word_1_1' title='bbox 718 293 799 366; x_wconf 76' lang='lat'><strong>268</strong></span> 
     </span>
     <span class='ocr_line' id='line_1_2' title="bbox 245 390 1289 561; baseline -0.004 -23"><span class='ocrx_word' id='word_1_2' title='bbox 245 472 366 553; x_wconf 83' lang='lat' dir='ltr'>XXII,</span> <span class='ocrx_word' id='word_1_3' title='bbox 402 409 533 536; x_wconf 88' lang='lat' dir='ltr'><strong>duobus</strong></span> <span class='ocrx_word' id='word_1_4' title='bbox 564 484 641 560; x_wconf 88' lang='lat' dir='ltr'><strong>post</strong></span> <span class='ocrx_word' id='word_1_5' title='bbox 677 491 829 561; x_wconf 83' lang='lat' dir='ltr'><strong>pugnam</strong></span> <span class='ocrx_word' id='word_1_6' title='bbox 862 465 1032 534; x_wconf 85' lang='lat' dir='ltr'><strong>mensibus</strong></span> <span class='ocrx_word' id='word_1_7' title='bbox 1069 390 1289 558; x_wconf 86' lang='lat' dir='ltr'><strong>dimidioque,</strong></span> 
     </span>
    </p>
   </div>
   <div class='ocr_carea' id='block_1_2' title="bbox 167 570 1371 4002">
    <p class='ocr_par' dir='ltr' id='par_1_2' title="bbox 167 570 1371 4002">
     <span class='ocr_line' id='line_1_3' title="bbox 245 570 1289 670; baseline -0.006 -26"><span class='ocrx_word' id='word_1_8' title='bbox 245 576 342 670; x_wconf 87' lang='lat' dir='ltr'><strong>quod</strong></span> <span class='ocrx_word' id='word_1_9' title='bbox 368 573 511 666; x_wconf 88' lang='lat' dir='ltr'><strong>spatium</strong></span> <span class='ocrx_word' id='word_1_10' title='bbox 549 571 679 640; x_wconf 87' lang='lat' dir='ltr'><strong>brevius</strong></span> <span class='ocrx_word' id='word_1_11' title='bbox 715 570 885 653; x_wconf 88' lang='lat' dir='ltr'><strong>videatur,</strong></span> <span class='ocrx_word' id='word_1_12' title='bbox 920 593 1021 662; x_wconf 86' lang='lat' dir='ltr'><strong>quam</strong></span> <span class='ocrx_word' id='word_1_13' title='bbox 1048 587 1088 637; x_wconf 87' lang='lat' dir='ltr'><strong>ut</strong></span> <span class='ocrx_word' id='word_1_14' title='bbox 1109 593 1150 640; x_wconf 88' lang='lat' dir='ltr'><strong>eo</strong></span> <span class='ocrx_word' id='word_1_15' title='bbox 1161 583 1289 638; x_wconf 89' lang='lat' dir='ltr'><strong>&#39;omncs</strong></span> 
     </span>
     <span class='ocr_line' id='line_1_4' title="bbox 245 674 1290 771; baseline -0.006 -23"><span class='ocrx_word' id='word_1_16' title='bbox 245 681 316 762; x_wconf 90' lang='lat' dir='ltr'><strong>illi,</strong></span> <span class='ocrx_word' id='word_1_17' title='bbox 356 701 439 771; x_wconf 89' lang='lat' dir='ltr'><strong>quos</strong></span> <span class='ocrx_word' id='word_1_18' title='bbox 469 676 709 742; x_wconf 80' lang='lat' dir='ltr'><strong>Demosthenes</strong></span> <span class='ocrx_word' id='word_1_19' title='bbox 738 692 906 754; x_wconf 88' lang='lat' dir='ltr'><strong>numerat,</strong></span> <span class='ocrx_word' id='word_1_20' title='bbox 939 674 1085 765; x_wconf 91' lang='lat' dir='ltr'><strong>impetus</strong></span> <span class='ocrx_word' id='word_1_21' title='bbox 1115 677 1290 766; x_wconf 87' lang='lat' dir='ltr'><strong>potuerint</strong></span> 
     </span>
     <span class='ocr_line' id='line_1_5' title="bbox 244 775 1288 876; baseline -0.006 -24"><span class='ocrx_word' id='word_1_22' title='bbox 244 784 395 876; x_wconf 80' lang='lat' dir='ltr'>reprimi.</span> <span class='ocrx_word' id='word_1_23' title='bbox 446 781 744 847; x_wconf 84' lang='lat' dir='ltr'><strong>Verumenimvero</strong></span> <span class='ocrx_word' id='word_1_24' title='bbox 789 796 924 872; x_wconf 87' lang='lat' dir='ltr'><strong>practer</strong></span> <span class='ocrx_word' id='word_1_25' title='bbox 955 775 1049 869; x_wconf 88' lang='lat' dir='ltr'><strong>quod</strong></span> <span class='ocrx_word' id='word_1_26' title='bbox 1088 778 1288 846; x_wconf 88' lang='lat' dir='ltr'><strong>Demosthe-</strong></span> 
     </span>
     <span class='ocr_line' id='line_1_6' title="bbox 244 880 1289 979; baseline -0.006 -23"><span class='ocrx_word' id='word_1_27' title='bbox 244 914 306 956; x_wconf 87' lang='lat' dir='ltr'><strong>nes</strong></span> <span class='ocrx_word' id='word_1_28' title='bbox 327 884 479 979; x_wconf 84' lang='lat' dir='ltr'><strong>pericula</strong></span> <span class='ocrx_word' id='word_1_29' title='bbox 507 883 565 950; x_wconf 88' lang='lat' dir='ltr'><strong>illa</strong></span> <span class='ocrx_word' id='word_1_30' title='bbox 595 901 717 950; x_wconf 88' lang='lat' dir='ltr'><strong>structa</strong></span> <span class='ocrx_word' id='word_1_31' title='bbox 739 884 804 949; x_wconf 90' lang='lat' dir='ltr'><strong>sibi</strong></span> <span class='ocrx_word' id='word_1_32' title='bbox 830 906 899 950; x_wconf 87' lang='lat' dir='ltr'><strong>esse</strong></span> <span class='ocrx_word' id='word_1_33' title='bbox 922 880 1007 950; x_wconf 88' lang='lat' dir='ltr'><strong>dicit</strong></span> <span class='ocrx_word' id='word_1_34' title='bbox 1029 883 1188 950; x_wconf 85' lang='lat' dir='ltr'><strong>continno</strong></span> <span class='ocrx_word' id='word_1_35' title='bbox 1211 901 1289 974; x_wconf 87' lang='lat' dir='ltr'><strong>post</strong></span> 
     </span>
     <span class='ocr_line' id='line_1_7' title="bbox 243 984 1288 1080; baseline -0.004 -20"><span class='ocrx_word' id='word_1_36' title='bbox 243 991 377 1060; x_wconf 79' lang='lat' dir='ltr'><strong>cladem</strong></span> <span class='ocrx_word' id='word_1_37' title='bbox 406 1006 592 1080; x_wconf 83' lang='lat' dir='ltr'>acceptam,</span> <span class='ocrx_word' id='word_1_38' title='bbox 631 988 723 1080; x_wconf 90' lang='lat' dir='ltr'><strong>quod</strong></span> <span class='ocrx_word' id='word_1_39' title='bbox 759 989 904 1078; x_wconf 90' lang='lat' dir='ltr'><strong>impetus</strong></span> <span class='ocrx_word' id='word_1_40' title='bbox 942 984 1016 1054; x_wconf 89' lang='lat' dir='ltr'><strong>illos</strong></span> <span class='ocrx_word' id='word_1_41' title='bbox 1049 989 1123 1054; x_wconf 72' lang='grc' dir='ltr'><em>καθ’</em></span> <span class='ocrx_word' id='word_1_42' title='bbox 1154 985 1288 1074; x_wconf 77' lang='grc' dir='ltr'><em>ἑκάστην</em></span> 
     </span>
     <span class='ocr_line' id='line_1_8' title="bbox 242 1090 1286 1185; baseline -0.008 -19"><span class='ocrx_word' id='word_1_43' title='bbox 242 1094 354 1182; x_wconf 71' lang='grc' dir='ltr'><strong><em>σχεδόν</em></strong></span> <span class='ocrx_word' id='word_1_44' title='bbox 373 1120 402 1161; x_wconf 87' lang='grc' dir='ltr'><strong>τι</strong></span> <span class='ocrx_word' id='word_1_45' title='bbox 429 1090 549 1180; x_wconf 76' lang='grc' dir='ltr'><strong><em>ἡμέραν</em></strong></span> <span class='ocrx_word' id='word_1_46' title='bbox 578 1093 742 1185; x_wconf 83' lang='lat' dir='ltr'><strong>excepisse</strong></span> <span class='ocrx_word' id='word_1_47' title='bbox 769 1117 803 1158; x_wconf 90' lang='lat' dir='ltr'><strong>se</strong></span> <span class='ocrx_word' id='word_1_48' title='bbox 827 1092 887 1172; x_wconf 90' lang='lat' dir='ltr'><strong>ait,</strong></span> <span class='ocrx_word' id='word_1_49' title='bbox 919 1114 1042 1182; x_wconf 83' lang='lat' dir='ltr'><strong>eosque</strong></span> <span class='ocrx_word' id='word_1_50' title='bbox 1072 1108 1215 1180; x_wconf 85' lang='lat' dir='ltr'><strong>tentatos</strong></span> <span class='ocrx_word' id='word_1_51' title='bbox 1246 1097 1286 1158; x_wconf 83' lang='lat' dir='ltr'><strong>ab</strong></span> 
     </span>
     <span class='ocr_line' id='line_1_9' title="bbox 243 1194 1286 1282; baseline -0.005 -15"><span class='ocrx_word' id='word_1_52' title='bbox 243 1199 439 1268; x_wconf 85' lang='lat' dir='ltr'><strong>adversariis</strong></span> <span class='ocrx_word' id='word_1_53' title='bbox 470 1221 539 1262; x_wconf 87' lang='lat' dir='ltr'><strong>esse</strong></span> <span class='ocrx_word' id='word_1_54' title='bbox 569 1197 605 1262; x_wconf 78' lang='grc' dir='ltr'><strong>οὗ</strong></span> <span class='ocrx_word' id='word_1_55' title='bbox 636 1199 674 1263; x_wconf 81' lang='grc' dir='ltr'><strong>δι’</strong></span> <span class='ocrx_word' id='word_1_56' title='bbox 703 1195 822 1262; x_wconf 72' lang='grc' dir='ltr'><em>ἑαυτῶν</em></span> <span class='ocrx_word' id='word_1_57' title='bbox 850 1195 887 1261; x_wconf 81' lang='grc' dir='ltr'><strong>τό</strong></span> <span class='ocrx_word' id='word_1_58' title='bbox 916 1221 950 1280; x_wconf 76' lang='grc' dir='ltr'><strong>γε</strong></span> <span class='ocrx_word' id='word_1_59' title='bbox 978 1201 1104 1282; x_wconf 78' lang='grc' dir='ltr'><strong><em>πρῶτον</em></strong></span> <span class='ocrx_word' id='word_1_60' title='bbox 1133 1194 1214 1260; x_wconf 79' lang='grc' dir='ltr'><strong>ἀλλὰ</strong></span> <span class='ocrx_word' id='word_1_61' title='bbox 1245 1195 1286 1262; x_wconf 78' lang='grc' dir='ltr'><strong>δι’</strong></span> 
     </span>
     <span class='ocr_line' id='line_1_10' title="bbox 242 1297 1287 1390; baseline -0.007 -17"><span class='ocrx_word' id='word_1_62' title='bbox 242 1298 289 1373; x_wconf 76' lang='grc' dir='ltr'><strong>ὧν</strong></span> <span class='ocrx_word' id='word_1_63' title='bbox 308 1304 445 1390; x_wconf 76' lang='grc' dir='ltr'><strong><em>μάλιστα</em></strong></span> <span class='ocrx_word' id='word_1_64' title='bbox 466 1298 687 1383; x_wconf 65' lang='grc' dir='ltr'><strong>ὖπελάμβὴνον</strong></span> <span class='ocrx_word' id='word_1_65' title='bbox 716 1298 983 1384; x_wconf 75' lang='grc' dir='ltr'><strong><em>ἀγνοηθήσεσθαι,</em></strong></span> <span class='ocrx_word' id='word_1_66' title='bbox 1008 1297 1047 1363; x_wconf 89' lang='lat' dir='ltr'><strong>id</strong></span> <span class='ocrx_word' id='word_1_67' title='bbox 1068 1298 1161 1390; x_wconf 86' lang='lat' dir='ltr'><strong>quod</strong></span> <span class='ocrx_word' id='word_1_68' title='bbox 1183 1298 1226 1365; x_wconf 89' lang='lat' dir='ltr'><strong>ad</strong></span> <span class='ocrx_word' id='word_1_69' title='bbox 1249 1298 1287 1366; x_wconf 89' lang='lat' dir='ltr'><strong>id</strong></span> 
     </span>
     <span class='ocr_line' id='line_1_11' title="bbox 243 1401 1285 1500; baseline -0.006 -24"><span class='ocrx_word' id='word_1_70' title='bbox 243 1409 403 1500; x_wconf 88' lang='lat' dir='ltr'><strong>temporis</strong></span> <span class='ocrx_word' id='word_1_71' title='bbox 438 1420 646 1472; x_wconf 86' lang='lat' dir='ltr'><strong>momentum</strong></span> <span class='ocrx_word' id='word_1_72' title='bbox 679 1419 827 1494; x_wconf 83' lang='lat' dir='ltr'><strong>spectare</strong></span> <span class='ocrx_word' id='word_1_73' title='bbox 854 1401 1005 1484; x_wconf 86' lang='lat' dir='ltr'><strong>videtur,</strong></span> <span class='ocrx_word' id='word_1_74' title='bbox 1038 1403 1077 1468; x_wconf 86' lang='lat' dir='ltr'><strong>in</strong></span> <span class='ocrx_word' id='word_1_75' title='bbox 1106 1425 1173 1494; x_wconf 91' lang='lat' dir='ltr'><strong>quo</strong></span> <span class='ocrx_word' id='word_1_76' title='bbox 1200 1427 1285 1495; x_wconf 88' lang='lat' dir='ltr'><strong>pace</strong></span> 
     </span>
     <span class='ocr_line' id='line_1_12' title="bbox 242 1505 1284 1601; baseline -0.007 -19"><span class='ocrx_word' id='word_1_77' title='bbox 242 1539 321 1582; x_wconf 90' lang='lat' dir='ltr'><strong>cum</strong></span> <span class='ocrx_word' id='word_1_78' title='bbox 340 1510 507 1601; x_wconf 69' lang='lat' dir='ltr'><strong>vPhilippo</strong></span> <span class='ocrx_word' id='word_1_79' title='bbox 528 1506 680 1575; x_wconf 91' lang='lat' dir='ltr'><strong>nondum</strong></span> <span class='ocrx_word' id='word_1_80' title='bbox 703 1525 758 1574; x_wconf 87' lang='lat' dir='ltr'><strong>aut</strong></span> <span class='ocrx_word' id='word_1_81' title='bbox 778 1509 834 1574; x_wconf 83' lang='lat' dir='ltr'><strong>vix</strong></span> <span class='ocrx_word' id='word_1_82' title='bbox 857 1508 1042 1598; x_wconf 85' lang='lat' dir='ltr'><strong>composita</strong></span> <span class='ocrx_word' id='word_1_83' title='bbox 1063 1505 1284 1600; x_wconf 83' lang='lat' dir='ltr'><strong>periculosius</strong></span> 
     </span>
     <span class='ocr_line' id='line_1_13' title="bbox 240 1612 1286 1705; baseline -0.006 -21"><span class='ocrx_word' id='word_1_84' title='bbox 240 1615 348 1684; x_wconf 81' lang='lat' dir='ltr'><strong>rideri</strong></span> <span class='ocrx_word' id='word_1_85' title='bbox 371 1613 563 1680; x_wconf 86' lang='lat' dir='ltr'><strong>adversariis</strong></span> <span class='ocrx_word' id='word_1_86' title='bbox 596 1627 737 1705; x_wconf 90' lang='lat' dir='ltr'><strong>poterat,</strong></span> <span class='ocrx_word' id='word_1_87' title='bbox 760 1613 790 1677; x_wconf 93' lang='lat' dir='ltr'><strong>si</strong></span> <span class='ocrx_word' id='word_1_88' title='bbox 811 1612 878 1702; x_wconf 90' lang='lat' dir='ltr'><strong>ipsi</strong></span> <span class='ocrx_word' id='word_1_89' title='bbox 900 1628 1057 1703; x_wconf 88' lang='lat' dir='ltr'><strong>rectaque</strong></span> <span class='ocrx_word' id='word_1_90' title='bbox 1077 1614 1131 1677; x_wconf 84' lang='lat' dir='ltr'><strong>via</strong></span> <span class='ocrx_word' id='word_1_91' title='bbox 1152 1613 1191 1678; x_wconf 90' lang='lat' dir='ltr'><strong>in</strong></span> <span class='ocrx_word' id='word_1_92' title='bbox 1212 1614 1286 1678; x_wconf 92' lang='lat' dir='ltr'><strong>De-</strong></span> 
     </span>
     <span class='ocr_line' id='line_1_14' title="bbox 241 1715 1283 1808; baseline -0.004 -20"><span class='ocrx_word' id='word_1_93' title='bbox 241 1720 450 1788; x_wconf 88' lang='lat' dir='ltr'><strong>mosthenem</strong></span> <span class='ocrx_word' id='word_1_94' title='bbox 478 1716 733 1795; x_wconf 79' lang='lat' dir='ltr'><strong>inveherentur,</strong></span> <span class='ocrx_word' id='word_1_95' title='bbox 763 1739 864 1807; x_wconf 89' lang='lat' dir='ltr'><strong>quem</strong></span> <span class='ocrx_word' id='word_1_96' title='bbox 891 1732 964 1781; x_wconf 92' lang='lat' dir='ltr'><strong>tum</strong></span> <span class='ocrx_word' id='word_1_97' title='bbox 996 1715 1142 1808; x_wconf 92' lang='lat' dir='ltr'><strong>populus</strong></span> <span class='ocrx_word' id='word_1_98' title='bbox 1170 1715 1283 1784; x_wconf 85' lang='lat' dir='ltr'><strong>adhuc</strong></span> 
     </span>
     <span class='ocr_line' id='line_1_15' title="bbox 239 1819 1281 1913; baseline -0.006 -19"><span class='ocrx_word' id='word_1_99' title='bbox 239 1824 352 1894; x_wconf 85' lang='lat' dir='ltr'><strong>s&#39;alutis</strong></span> <span class='ocrx_word' id='word_1_100' title='bbox 373 1845 451 1889; x_wconf 88' lang='lat' dir='ltr'><strong>suae</strong></span> <span class='ocrx_word' id='word_1_101' title='bbox 473 1819 626 1888; x_wconf 89' lang='lat' dir='ltr'><strong>columen</strong></span> <span class='ocrx_word' id='word_1_102' title='bbox 638 1819 910 1911; x_wconf 88' lang='lat' dir='ltr'><strong>praesidiumque</strong></span> <span class='ocrx_word' id='word_1_103' title='bbox 922 1821 1127 1904; x_wconf 79' lang='lat' dir='ltr'><strong>aestimabat3</strong></span> <span class='ocrx_word' id='word_1_104' title='bbox 1150 1838 1281 1913; x_wconf 85' lang='lat' dir='ltr'><strong>reputa,</strong></span> 
     </span>
     <span class='ocr_line' id='line_1_16' title="bbox 240 1922 1280 2016; baseline -0.005 -17"><span class='ocrx_word' id='word_1_105' title='bbox 240 1935 457 1999; x_wconf 80' lang='lat' dir='ltr'><strong>beatorem</strong></span> <span class='ocrx_word' id='word_1_106' title='bbox 486 1924 546 1991; x_wconf 87' lang='lat' dir='ltr'><strong>illa</strong></span> <span class='ocrx_word' id='word_1_107' title='bbox 572 1924 695 2016; x_wconf 73' lang='lat' dir='ltr'><strong>loqui,</strong></span> <span class='ocrx_word' id='word_1_108' title='bbox 718 1943 752 1991; x_wconf 90' lang='lat' dir='ltr'><strong>et</strong></span> <span class='ocrx_word' id='word_1_109' title='bbox 779 1922 821 1991; x_wconf 88' lang='lat' dir='ltr'><strong>de</strong></span> <span class='ocrx_word' id='word_1_110' title='bbox 853 1924 954 1994; x_wconf 88' lang='lat' dir='ltr'><strong>rebus</strong></span> <span class='ocrx_word' id='word_1_111' title='bbox 986 1922 1122 2015; x_wconf 82' lang='lat' dir='ltr'><strong>Olymp.</strong></span> <span class='ocrx_word' id='word_1_112' title='bbox 1147 1923 1226 2005; x_wconf 86' lang='lat' dir='ltr'><strong>CX,</strong></span> <span class='ocrx_word' id='word_1_113' title='bbox 1260 1927 1280 1994; x_wconf 80' lang='lat'><strong>3</strong></span> 
     </span>
     <span class='ocr_line' id='line_1_17' title="bbox 239 2028 1282 2127; baseline -0.003 -28"><span class='ocrx_word' id='word_1_114' title='bbox 239 2035 338 2127; x_wconf 84' lang='lat' dir='ltr'><strong>gestis</strong></span> <span class='ocrx_word' id='word_1_115' title='bbox 370 2030 471 2098; x_wconf 88' lang='lat' dir='ltr'><strong>verba</strong></span> <span class='ocrx_word' id='word_1_116' title='bbox 498 2029 607 2094; x_wconf 88' lang='lat' dir='ltr'><strong>facere</strong></span> <span class='ocrx_word' id='word_1_117' title='bbox 636 2028 776 2120; x_wconf 84' lang='lat' dir='ltr'><strong>Olymp.</strong></span> <span class='ocrx_word' id='word_1_118' title='bbox 809 2029 923 2109; x_wconf 83' lang='lat' dir='ltr'><strong>Cllll,</strong></span> <span class='ocrx_word' id='word_1_119' title='bbox 955 2030 992 2108; x_wconf 83' lang='lat'><strong>3,</strong></span> <span class='ocrx_word' id='word_1_120' title='bbox 1027 2051 1094 2121; x_wconf 90' lang='lat' dir='ltr'><strong>quo</strong></span> <span class='ocrx_word' id='word_1_121' title='bbox 1129 2045 1282 2120; x_wconf 88' lang='lat' dir='ltr'><strong>tempore</strong></span> 
     </span>
     <span class='ocr_line' id='line_1_18' title="bbox 240 2135 1280 2252; baseline -0.002 -50"><span class='ocrx_word' id='word_1_122' title='bbox 240 2137 324 2231; x_wconf 85' lang='lat' dir='ltr'><strong>quid</strong></span> <span class='ocrx_word' id='word_1_123' title='bbox 355 2137 393 2200; x_wconf 91' lang='lat' dir='ltr'><strong>ni</strong></span> <span class='ocrx_word' id='word_1_124' title='bbox 415 2135 557 2201; x_wconf 89' lang='lat' dir='ltr'><strong>oratoria</strong></span> <span class='ocrx_word' id='word_1_125' title='bbox 579 2149 647 2198; x_wconf 88' lang='lat' dir='ltr'><strong>arte</strong></span> <span class='ocrx_word' id='word_1_126' title='bbox 669 2135 717 2199; x_wconf 88' lang='lat' dir='ltr'><strong>ita</strong></span> <span class='ocrx_word' id='word_1_127' title='bbox 738 2156 812 2198; x_wconf 81' lang='lat' dir='ltr'><strong>rem</strong></span> <span class='ocrx_word' id='word_1_128' title='bbox 833 2156 992 2200; x_wconf 81' lang='lat' dir='ltr'><strong>exornare</strong></span> <span class='ocrx_word' id='word_1_129' title='bbox 1014 2150 1160 2252; x_wconf 87' lang='lat' dir='ltr'><strong>poterat,</strong></span> <span class='ocrx_word' id='word_1_130' title='bbox 1190 2157 1227 2199; x_wconf 90' lang='lat' dir='ltr'><strong>ac</strong></span> <span class='ocrx_word' id='word_1_131' title='bbox 1249 2137 1280 2200; x_wconf 92' lang='lat' dir='ltr'><strong>si</strong></span> 
     </span>
     <span class='ocr_line' id='line_1_19' title="bbox 234 2234 1371 2332; baseline -0.005 -21.968"><span class='ocrx_word' id='word_1_132' title='bbox 234 2240 424 2332; x_wconf 89' lang='lat' dir='ltr'><strong>Ctesiphon</strong></span> <span class='ocrx_word' id='word_1_133' title='bbox 447 2236 663 2303; x_wconf 86' lang='lat' dir='ltr'><strong>confirmatus</strong></span> <span class='ocrx_word' id='word_1_134' title='bbox 685 2234 804 2329; x_wconf 91' lang='lat' dir='ltr'><strong>populi</strong></span> <span class='ocrx_word' id='word_1_135' title='bbox 833 2238 997 2304; x_wconf 78' lang='lat' dir='ltr'><strong>constanti</strong></span> <span class='ocrx_word' id='word_1_136' title='bbox 1019 2238 1056 2303; x_wconf 93' lang='lat' dir='ltr'><strong>in</strong></span> <span class='ocrx_word' id='word_1_137' title='bbox 1078 2260 1115 2302; x_wconf 91' lang='lat' dir='ltr'><strong>se</strong></span> <span class='ocrx_word' id='word_1_138' title='bbox 1134 2237 1281 2331; x_wconf 75' lang='lat' dir='ltr'><strong>benevo—</strong></span> <span class='ocrx_word' id='word_1_139' title='bbox 1370 2271 1371 2276; x_wconf 42' lang='lat'>¹</span> 
     </span>
     <span class='ocr_line' id='line_1_20' title="bbox 167 2339 1279 2426; baseline -0.007 -9"><span class='ocrx_word' id='word_1_140' title='bbox 167 2347 170 2352; x_wconf 72' lang='grc'><strong>’</strong></span> <span class='ocrx_word' id='word_1_141' title='bbox 236 2348 351 2426; x_wconf 81' lang='lat' dir='ltr'><strong>lentio,</strong></span> <span class='ocrx_word' id='word_1_142' title='bbox 380 2346 461 2409; x_wconf 88' lang='lat' dir='ltr'><strong>item</strong></span> <span class='ocrx_word' id='word_1_143' title='bbox 488 2342 588 2407; x_wconf 87' lang='lat' dir='ltr'><strong>etiam</strong></span> <span class='ocrx_word' id='word_1_144' title='bbox 613 2340 765 2408; x_wconf 88' lang='lat' dir='ltr'><strong>iudicum</strong></span> <span class='ocrx_word' id='word_1_145' title='bbox 791 2341 994 2422; x_wconf 89' lang='lat' dir='ltr'><strong>auctoritate,</strong></span> <span class='ocrx_word' id='word_1_146' title='bbox 1017 2339 1279 2409; x_wconf 89' lang='lat' dir='ltr'><strong>collaudandum</strong></span> 
     </span>
     <span class='ocr_line' id='line_1_21' title="bbox 236 2445 1277 2540; baseline -0.007 -20"><span class='ocrx_word' id='word_1_147' title='bbox 236 2478 272 2520; x_wconf 86' lang='lat' dir='ltr'><strong>se</strong></span> <span class='ocrx_word' id='word_1_148' title='bbox 303 2467 336 2515; x_wconf 87' lang='lat' dir='ltr'><strong>et</strong></span> <span class='ocrx_word' id='word_1_149' title='bbox 364 2445 595 2514; x_wconf 84' lang='lat' dir='ltr'><strong>coronandum</strong></span> <span class='ocrx_word' id='word_1_150' title='bbox 628 2447 848 2540; x_wconf 86' lang='lat' dir='ltr'><strong>proposuerit.</strong></span> <span class='ocrx_word' id='word_1_151' title='bbox 902 2446 1073 2512; x_wconf 79' lang='lat' dir='ltr'><strong>Poterat</strong></span> <span class='ocrx_word' id='word_1_152' title='bbox 1063 2446 1167 2534; x_wconf 79' lang='lat' dir='ltr'><strong>agitur</strong></span> <span class='ocrx_word' id='word_1_153' title='bbox 1196 2445 1277 2513; x_wconf 89' lang='lat' dir='ltr'><strong>Cte-</strong></span> 
     </span>
     <span class='ocr_line' id='line_1_22' title="bbox 235 2546 1276 2647; baseline -0.006 -23"><span class='ocrx_word' id='word_1_154' title='bbox 235 2555 398 2647; x_wconf 85' lang='lat' dir='ltr'><strong>siphontis</strong></span> <span class='ocrx_word' id='word_1_155' title='bbox 420 2551 470 2617; x_wconf 83' lang='lat' dir='ltr'><strong>lex</strong></span> <span class='ocrx_word' id='word_1_156' title='bbox 492 2552 591 2616; x_wconf 90' lang='lat' dir='ltr'><strong>etiam</strong></span> <span class='ocrx_word' id='word_1_157' title='bbox 621 2552 732 2616; x_wconf 88' lang='lat' dir='ltr'><strong>inter</strong></span> <span class='ocrx_word' id='word_1_158' title='bbox 761 2548 835 2617; x_wconf 93' lang='lat' dir='ltr'><strong>illos</strong></span> <span class='ocrx_word' id='word_1_159' title='bbox 865 2550 1009 2640; x_wconf 91' lang='lat' dir='ltr'><strong>impetus</strong></span> <span class='ocrx_word' id='word_1_160' title='bbox 1030 2546 1121 2614; x_wconf 82' lang='lat' dir='ltr'><strong>ferri.</strong></span> <span class='ocrx_word' id='word_1_161' title='bbox 1167 2551 1276 2618; x_wconf 88' lang='lat' dir='ltr'><strong>Immo</strong></span> 
     </span>
     <span class='ocr_line' id='line_1_23' title="bbox 235 2651 1278 2753; baseline -0.006 -27"><span class='ocrx_word' id='word_1_162' title='bbox 235 2664 308 2753; x_wconf 89' lang='lat' dir='ltr'><strong>ipsa</strong></span> <span class='ocrx_word' id='word_1_163' title='bbox 331 2657 391 2722; x_wconf 88' lang='lat' dir='ltr'><strong>illa</strong></span> <span class='ocrx_word' id='word_1_164' title='bbox 419 2653 586 2747; x_wconf 88' lang='lat' dir='ltr'><strong>pericula,</strong></span> <span class='ocrx_word' id='word_1_165' title='bbox 609 2655 731 2744; x_wconf 91' lang='lat' dir='ltr'><strong>quibus</strong></span> <span class='ocrx_word' id='word_1_166' title='bbox 755 2656 914 2720; x_wconf 90' lang='lat' dir='ltr'><strong>continuo</strong></span> <span class='ocrx_word' id='word_1_167' title='bbox 935 2671 1011 2744; x_wconf 91' lang='lat' dir='ltr'><strong>post</strong></span> <span class='ocrx_word' id='word_1_168' title='bbox 1024 2651 1153 2719; x_wconf 89' lang='lat' dir='ltr'><strong>cladem</strong></span> <span class='ocrx_word' id='word_1_169' title='bbox 1168 2655 1278 2722; x_wconf 86' lang='lat' dir='ltr'><strong>Chae-</strong></span> 
     </span>
     <span class='ocr_line' id='line_1_24' title="bbox 234 2757 1277 2850; baseline -0.002 -22"><span class='ocrx_word' id='word_1_170' title='bbox 234 2785 413 2850; x_wconf 75' lang='lat' dir='ltr'><strong>ronensem</strong></span> <span class='ocrx_word' id='word_1_171' title='bbox 443 2757 686 2824; x_wconf 88' lang='lat' dir='ltr'><strong>Demosthenes</strong></span> <span class='ocrx_word' id='word_1_172' title='bbox 709 2758 927 2839; x_wconf 85' lang='lat' dir='ltr'><strong>obruebatur,</strong></span> <span class='ocrx_word' id='word_1_173' title='bbox 962 2774 1018 2823; x_wconf 90' lang='lat' dir='ltr'><strong>aut</strong></span> <span class='ocrx_word' id='word_1_174' title='bbox 1045 2757 1202 2824; x_wconf 88' lang='lat' dir='ltr'><strong>obrutum</strong></span> <span class='ocrx_word' id='word_1_175' title='bbox 1230 2762 1277 2826; x_wconf 89' lang='lat' dir='ltr'><strong>iri</strong></span> 
     </span>
     <span class='ocr_line' id='line_1_25' title="bbox 234 2860 1276 2954; baseline -0.008 -17"><span class='ocrx_word' id='word_1_176' title='bbox 234 2893 271 2938; x_wconf 86' lang='lat' dir='ltr'><strong>se</strong></span> <span class='ocrx_word' id='word_1_177' title='bbox 300 2863 484 2943; x_wconf 87' lang='lat' dir='ltr'><strong>metuebat,</strong></span> <span class='ocrx_word' id='word_1_178' title='bbox 518 2863 679 2926; x_wconf 86' lang='lat' dir='ltr'><strong>acerrime</strong></span> <span class='ocrx_word' id='word_1_179' title='bbox 702 2877 735 2928; x_wconf 86' lang='lat' dir='ltr'><strong>et</strong></span> <span class='ocrx_word' id='word_1_180' title='bbox 762 2863 874 2953; x_wconf 88' lang='lat' dir='ltr'><strong>ipsum</strong></span> <span class='ocrx_word' id='word_1_181' title='bbox 896 2860 1099 2953; x_wconf 88' lang='lat' dir='ltr'><strong>compellere</strong></span> <span class='ocrx_word' id='word_1_182' title='bbox 1120 2881 1276 2954; x_wconf 83' lang='lat' dir='ltr'><strong>poterant</strong></span> 
     </span>
     <span class='ocr_line' id='line_1_26' title="bbox 236 2963 1277 3057; baseline -0.006 -17"><span class='ocrx_word' id='word_1_183' title='bbox 236 2973 281 3040; x_wconf 88' lang='lat' dir='ltr'><strong>ad</strong></span> <span class='ocrx_word' id='word_1_184' title='bbox 307 2967 560 3047; x_wconf 87' lang='lat' dir='ltr'><strong>liberalitatem,</strong></span> <span class='ocrx_word' id='word_1_185' title='bbox 588 2990 655 3057; x_wconf 87' lang='lat' dir='ltr'><strong>qua</strong></span> <span class='ocrx_word' id='word_1_186' title='bbox 687 2963 951 3033; x_wconf 84' lang='lat' dir='ltr'><strong>adversariorum</strong></span> <span class='ocrx_word' id='word_1_187' title='bbox 972 2967 1116 3056; x_wconf 88' lang='lat' dir='ltr'><strong>impetus</strong></span> <span class='ocrx_word' id='word_1_188' title='bbox 1140 2991 1179 3034; x_wconf 86' lang='lat' dir='ltr'><strong>eo</strong></span> <span class='ocrx_word' id='word_1_189' title='bbox 1201 2991 1277 3038; x_wconf 84' lang='lat' dir='ltr'><strong>cer-</strong></span> 
     </span>
     <span class='ocr_line' id='line_1_27' title="bbox 234 3068 1275 3165; baseline -0.006 -19"><span class='ocrx_word' id='word_1_190' title='bbox 234 3080 300 3146; x_wconf 92' lang='lat' dir='ltr'><strong>tius</strong></span> <span class='ocrx_word' id='word_1_191' title='bbox 334 3074 516 3165; x_wconf 89' lang='lat' dir='ltr'><strong>reprimere</strong></span> <span class='ocrx_word' id='word_1_192' title='bbox 544 3087 670 3162; x_wconf 88' lang='lat' dir='ltr'><strong>posset,</strong></span> <span class='ocrx_word' id='word_1_193' title='bbox 701 3085 734 3135; x_wconf 89' lang='lat' dir='ltr'><strong>et</strong></span> <span class='ocrx_word' id='word_1_194' title='bbox 762 3068 1016 3161; x_wconf 86' lang='lat' dir='ltr'><strong>Ctesiphontem</strong></span> <span class='ocrx_word' id='word_1_195' title='bbox 1048 3071 1204 3154; x_wconf 88' lang='lat' dir='ltr'><strong>excitare,</strong></span> <span class='ocrx_word' id='word_1_196' title='bbox 1235 3090 1275 3140; x_wconf 88' lang='lat' dir='ltr'><strong>ut</strong></span> 
     </span>
     <span class='ocr_line' id='line_1_28' title="bbox 234 3172 1275 3270; baseline -0.008 -20"><span class='ocrx_word' id='word_1_197' title='bbox 234 3178 387 3250; x_wconf 85' lang='lat' dir='ltr'><strong>nondum</strong></span> <span class='ocrx_word' id='word_1_198' title='bbox 411 3173 561 3270; x_wconf 88' lang='lat' dir='ltr'><strong>deposito</strong></span> <span class='ocrx_word' id='word_1_199' title='bbox 593 3201 613 3240; x_wconf 85' lang='lat' dir='ltr'><strong>a</strong></span> <span class='ocrx_word' id='word_1_200' title='bbox 634 3172 857 3242; x_wconf 88' lang='lat' dir='ltr'><strong>Demosthene</strong></span> <span class='ocrx_word' id='word_1_201' title='bbox 879 3198 1029 3256; x_wconf 88' lang='lat' dir='ltr'><strong>munere,</strong></span> <span class='ocrx_word' id='word_1_202' title='bbox 1051 3174 1198 3242; x_wconf 89' lang='lat' dir='ltr'><strong>necdum</strong></span> <span class='ocrx_word' id='word_1_203' title='bbox 1218 3200 1275 3242; x_wconf 89' lang='lat' dir='ltr'><strong>re-</strong></span> 
     </span>
     <span class='ocr_line' id='line_1_29' title="bbox 231 3278 1270 3372; baseline -0.008 -16"><span class='ocrx_word' id='word_1_204' title='bbox 231 3287 307 3356; x_wconf 88' lang='lat' dir='ltr'><strong>latis</strong></span> <span class='ocrx_word' id='word_1_205' title='bbox 329 3282 511 3350; x_wconf 90' lang='lat' dir='ltr'><strong>rationibus</strong></span> <span class='ocrx_word' id='word_1_206' title='bbox 535 3278 765 3349; x_wconf 86' lang='lat' dir='ltr'><strong>coronandum</strong></span> <span class='ocrx_word' id='word_1_207' title='bbox 785 3301 870 3344; x_wconf 85' lang='lat' dir='ltr'><strong>eum</strong></span> <span class='ocrx_word' id='word_1_208' title='bbox 896 3280 1026 3345; x_wconf 88' lang='lat' dir='ltr'><strong>senatui</strong></span> <span class='ocrx_word' id='word_1_209' title='bbox 1054 3299 1270 3372; x_wconf 87' lang='lat' dir='ltr'><strong>proponeret.</strong></span> 
     </span>
     <span class='ocr_line' id='line_1_30' title="bbox 233 3381 1272 3476; baseline -0.007 -16"><span class='ocrx_word' id='word_1_210' title='bbox 233 3389 373 3460; x_wconf 83' lang='lat' dir='ltr'><strong>Scilicet</strong></span> <span class='ocrx_word' id='word_1_211' title='bbox 403 3385 605 3476; x_wconf 85' lang='lat' dir='ltr'><strong>Ctesiphon,</strong></span> <span class='ocrx_word' id='word_1_212' title='bbox 639 3381 820 3473; x_wconf 88' lang='lat' dir='ltr'><strong>quodiam</strong></span> <span class='ocrx_word' id='word_1_213' title='bbox 844 3382 1015 3474; x_wconf 35' lang='lat' dir='ltr'><strong>,Taylorus</strong></span> <span class='ocrx_word' id='word_1_214' title='bbox 1038 3383 1272 3454; x_wconf 84' lang='lat' dir='ltr'><strong>animadvertit</strong></span> 
     </span>
     <span class='ocr_line' id='line_1_31' title="bbox 229 3486 1270 3587; baseline -0.003 -28"><span class='ocrx_word' id='word_1_215' title='bbox 229 3493 375 3587; x_wconf 85' lang='lat' dir='ltr'><strong>(Proleg.</strong></span> <span class='ocrx_word' id='word_1_216' title='bbox 407 3487 450 3555; x_wconf 88' lang='lat' dir='ltr'><strong>ad</strong></span> <span class='ocrx_word' id='word_1_217' title='bbox 479 3513 527 3555; x_wconf 88' lang='lat' dir='ltr'><strong>or.</strong></span> <span class='ocrx_word' id='word_1_218' title='bbox 551 3487 593 3554; x_wconf 82' lang='lat' dir='ltr'><strong>tle</strong></span> <span class='ocrx_word' id='word_1_219' title='bbox 616 3495 707 3570; x_wconf 81' lang='lat' dir='ltr'><strong>con),</strong></span> <span class='ocrx_word' id='word_1_220' title='bbox 735 3486 772 3553; x_wconf 91' lang='lat' dir='ltr'><strong>id</strong></span> <span class='ocrx_word' id='word_1_221' title='bbox 803 3510 880 3552; x_wconf 85' lang='lat' dir='ltr'><strong>sane</strong></span> <span class='ocrx_word' id='word_1_222' title='bbox 903 3487 1044 3554; x_wconf 91' lang='lat' dir='ltr'><strong>consilio</strong></span> <span class='ocrx_word' id='word_1_223' title='bbox 1066 3512 1125 3556; x_wconf 88' lang='lat' dir='ltr'><strong>suo</strong></span> <span class='ocrx_word' id='word_1_224' title='bbox 1146 3491 1270 3582; x_wconf 88' lang='lat' dir='ltr'><strong>petisse</strong></span> 
     </span>
     <span class='ocr_line' id='line_1_32' title="bbox 229 3590 1269 3684; baseline -0.009 -15"><span class='ocrx_word' id='word_1_225' title='bbox 229 3604 378 3677; x_wconf 84' lang='lat' dir='ltr'><strong>videtur,</strong></span> <span class='ocrx_word' id='word_1_226' title='bbox 419 3610 468 3674; x_wconf 92' lang='lat' dir='ltr'><strong>ut,</strong></span> <span class='ocrx_word' id='word_1_227' title='bbox 504 3593 717 3684; x_wconf 87' lang='lat' dir='ltr'><strong>comprobata</strong></span> <span class='ocrx_word' id='word_1_228' title='bbox 751 3590 960 3683; x_wconf 88' lang='lat' dir='ltr'><strong>praeiudicio</strong></span> <span class='ocrx_word' id='word_1_229' title='bbox 989 3610 1120 3658; x_wconf 88' lang='lat' dir='ltr'><strong>senatus</strong></span> <span class='ocrx_word' id='word_1_230' title='bbox 1147 3594 1269 3660; x_wconf 89' lang='lat' dir='ltr'><strong>virtute</strong></span> 
     </span>
     <span class='ocr_line' id='line_1_33' title="bbox 227 3694 1270 3787; baseline -0.005 -18"><span class='ocrx_word' id='word_1_231' title='bbox 227 3699 474 3778; x_wconf 87' lang='lat' dir='ltr'><strong>Demosthenis,</strong></span> <span class='ocrx_word' id='word_1_232' title='bbox 491 3697 726 3764; x_wconf 87' lang='lat' dir='ltr'><strong>obtrectatores</strong></span> <span class='ocrx_word' id='word_1_233' title='bbox 749 3697 818 3762; x_wconf 90' lang='lat' dir='ltr'><strong>eius</strong></span> <span class='ocrx_word' id='word_1_234' title='bbox 841 3696 881 3762; x_wconf 89' lang='lat' dir='ltr'><strong>ab</strong></span> <span class='ocrx_word' id='word_1_235' title='bbox 904 3694 1025 3762; x_wconf 90' lang='lat' dir='ltr'><strong>invidis</strong></span> <span class='ocrx_word' id='word_1_236' title='bbox 1046 3694 1112 3761; x_wconf 89' lang='lat' dir='ltr'><strong>illis</strong></span> <span class='ocrx_word' id='word_1_237' title='bbox 1134 3698 1270 3787; x_wconf 90' lang='lat' dir='ltr'><strong>impeti-</strong></span> 
     </span>
     <span class='ocr_line' id='line_1_34' title="bbox 227 3800 1267 3892; baseline -0.006 -18"><span class='ocrx_word' id='word_1_238' title='bbox 227 3807 291 3874; x_wconf 86' lang='lat' dir='ltr'><strong>bus</strong></span> <span class='ocrx_word' id='word_1_239' title='bbox 322 3805 579 3871; x_wconf 85' lang='lat' dir='ltr'><strong>deterrerentur.</strong></span> <span class='ocrx_word' id='word_1_240' title='bbox 642 3800 703 3870; x_wconf 86' lang='lat' dir='ltr'><strong>His</strong></span> <span class='ocrx_word' id='word_1_241' title='bbox 742 3802 833 3866; x_wconf 89' lang='lat' dir='ltr'><strong>enim</strong></span> <span class='ocrx_word' id='word_1_242' title='bbox 870 3801 1061 3892; x_wconf 89' lang='lat' dir='ltr'><strong>oppositum</strong></span> <span class='ocrx_word' id='word_1_243' title='bbox 1092 3801 1267 3869; x_wconf 86' lang='lat' dir='ltr'><strong>manifesto</strong></span> 
     </span>
     <span class='ocr_line' id='line_1_35' title="bbox 229 3902 1268 4002; baseline -0.004 -26"><span class='ocrx_word' id='word_1_244' title='bbox 229 3927 279 3977; x_wconf 89' lang='lat' dir='ltr'><strong>est</strong></span> <span class='ocrx_word' id='word_1_245' title='bbox 307 3908 524 4002; x_wconf 86' lang='lat' dir='ltr'><strong>praeconium</strong></span> <span class='ocrx_word' id='word_1_246' title='bbox 549 3903 635 3971; x_wconf 93' lang='lat' dir='ltr'><strong>illud</strong></span> <span class='ocrx_word' id='word_1_247' title='bbox 662 3906 700 3970; x_wconf 93' lang='lat' dir='ltr'><strong>in</strong></span> <span class='ocrx_word' id='word_1_248' title='bbox 729 3903 957 3996; x_wconf 87' lang='lat' dir='ltr'><strong>Ctesiphontis</strong></span> <span class='ocrx_word' id='word_1_249' title='bbox 985 3902 1138 3986; x_wconf 87' lang='lat' dir='ltr'><strong>decreto,</strong></span> <span class='ocrx_word' id='word_1_250' title='bbox 1172 3927 1268 3972; x_wconf 88' lang='lat' dir='ltr'><strong>coro-</strong></span> 
     </span>
    </p>
   </div>
   <div class='ocr_carea' id='block_1_3' title="bbox 228 4009 1266 4100">
    <p class='ocr_par' dir='ltr' id='par_1_3' title="bbox 228 4009 1266 4100">
     <span class='ocr_line' id='line_1_36' title="bbox 228 4009 1266 4100; baseline -0.01 -16"><span class='ocrx_word' id='word_1_251' title='bbox 228 4013 302 4088; x_wconf 81' lang='lat' dir='ltr'><strong>nari</strong></span> <span class='ocrx_word' id='word_1_252' title='bbox 340 4011 598 4082; x_wconf 85' lang='lat' dir='ltr'><strong>Demosthenem</strong></span> <span class='ocrx_word' id='word_1_253' title='bbox 631 4010 760 4080; x_wconf 85' lang='lat' dir='ltr'><strong>virtutis</strong></span> <span class='ocrx_word' id='word_1_254' title='bbox 799 4009 902 4100; x_wconf 85' lang='lat' dir='ltr'><strong>gratia</strong></span> <span class='ocrx_word' id='word_1_255' title='bbox 936 4026 969 4077; x_wconf 89' lang='lat' dir='ltr'><strong>et</strong></span> <span class='ocrx_word' id='word_1_256' title='bbox 1003 4009 1266 4091; x_wconf 83' lang='lat' dir='ltr'><strong>benevolentiae,</strong></span> 
     </span>
    </p>
   </div>
   <div class='ocr_carea' id='block_1_4' title="bbox 0 0 1380 4772">
    <p class='ocr_par' dir='ltr' id='par_1_4' title="bbox 0 0 1380 4772">
     <span class='ocr_line' id='line_1_37' title="bbox 0 0 1380 4772; baseline 0 5"><span class='ocrx_word' id='word_1_257' title='bbox 0 0 1380 4772; x_wconf 95' lang='lat' dir='ltr'><strong> </strong></span> 
     </span>
    </p>
   </div>
  </div>
 </body>
</html>
