2712 4762
746 317 812 388 292

700 407 856 428 ...ῃ-,η

158 560 165 574 .
260 484 443 556 accuratius
464 483 535 576 ipse
558 503 718 574 quaerere
741 485 848 576 coepi.
894 484 963 578 ipsi
991 505 1069 552 vero
1100 483 1187 552 mihi
1209 487 1299 555 iuter

258 591 363 658 varias
392 587 599 655 coniecturas
630 585 922 680 dubitationesque
950 587 1125 656 fluctuanti
1154 592 1300 660 occurrit

225 775 229 782 Ι
259 690 455 773 Boeckhius,
478 690 668 784 insignique
690 715 749 758 aua
763 715 848 785 erga
869 715 924 758 me
950 691 1183 772 benevolentia
1205 718 1299 770 suam

259 798 352 864 misit
372 794 416 862 de
438 795 653 862 archontibus
674 793 957 890 pseudepouymis
972 799 1298 880 commentationem,

260 924 359 992 supra
381 900 447 964 iam
469 915 561 989 grato
583 924 601 964 a
623 921 677 965 me
699 898 810 967 animo
823 917 1122 968 commemoratam.
1168 902 1208 968 Iu
1231 927 1300 992 qna

261 1004 400 1072 arduam
427 999 520 1068 illam
549 1004 776 1094 quaestionem
811 1003 861 1070 ita
888 1027 971 1070 sane.
995 1001 1135 1071 solutam
1171 1007 1297 1096 reperi,

259 1109 355 1176 utin
376 1129 506 1172 summa
527 1123 615 1174 certe
636 1105 866 1174 Bocchhiauae
888 1094 1054 1199 opinionis
1083 1110 1300 1201 acquiescen-

261 1209 343 1278 dum
364 1210 448 1276 mihi
470 1211 606 1278 omuino
628 1209 790 1278 videatur.

350 1315 459 1399 Quam
482 1313 524 1380 ob
547 1338 619 1380 rem
641 1313 869 1384 desistendum
890 1315 947 1382 hic
968 1317 1044 1382 iam·
1058 1317 1155 1384 nobis
1176 1341 1196 1382 a
1216 1339 1301 1411 pro·

220 1455 224 1463 s
260 1420 368 1513 posito
396 1433 525 1500 nostro,
565 1434 598 1484 et
626 1417 703 1486 finis
733 1436 817 1486 esset
849 1420 944 1510 operi
966 1420 1199 1512 imponendus,
1230 1423 1298 1490 nisi

262 1524 411 1616 quaestio
435 1519 477 1588 de
499 1522 713 1592 archontibus
735 1521 1018 1616 pseudepouymis
1041 1526 1078 1590 in
1100 1525 1301 1594 Demosthe-

260 1631 313 1695 nis
336 1627 485 1696 oratione
511 1626 554 1694 de
576 1650 642 1696 cor.
663 1651 740 1720 pars
761 1626 970 1715 solummodo
994 1627 1165 1720 amplioris
1189 1630 1301 1697 cuius-

261 1732 340 1800 dam
361 1748 445 1798 csset
472 1733 673 1824 argumenti,
702 1733 796 1798 cuius
830 1733 1067 1802 accuratiorem
1096 1734 1302 1825 pervestiga-

261 1838 388 1905 tionem
409 1837 526 1928 utique
557 1835 660 1927 exigit
680 1837 784 1917 ratio,
813 1859 914 1927 quam
936 1834 1039 1901 secuti
1061 1857 1161 1927 supra
1183 1860 1300 1906 sumus

260 1943 299 2008 iu
337 1937 548 2031 explorandis
591 1939 691 2006 rebus
718 1963 897 2032 rerumque
932 1938 1149 2031 temporibus.
1210 1941 1300 2011 Nam

214 2064 235 2076 ’·
261 2042 353 2136 quod
382 2044 420 2108 in
453 2045 596 2110 maxima
629 2044 944 2112 commentariorum
978 2058 1170 2110 nostrorum
1200 2063 1297 2138 parte

258 2166 565 2229 monumentorum,
588 2170 674 2238 quae
697 2147 838 2214 orationi
860 2145 902 2213 de
918 2167 1040 2215 corona
1062 2147 1186 2215 inserta
1205 2163 1295 2228 sunt,

260 2253 487 2321 auctoritatem
520 2253 622 2319 secuti
651 2271 783 2331 sumus,
818 2249 854 2316 id
882 2251 972 2318 certe
1009 2248 1167 2333 fecimus,
1203 2248 1299 2343 quod

260 2355 364 2424 fidem
386 2373 628 2424 eorumratam
651 2378 720 2421 esse
742 2377 805 2420 nec
818 2351 1078 2421 addubitandam
1096 2357 1298 2423 censuimus.

244 2455 330 2530 'set
357 2461 474 2554 opinio
501 2459 582 2528 haec
610 2458 718 2527 adhuc
752 2456 864 2550 aliqua
891 2481 931 2524 ex
966 2473 1060 2550 parte
1092 2457 1300 2527 demonstra·
1354 2477 1355 2544 i

188 2593 191 2600 ’
246 2551 385 2633 tionem
411 2561 586 2630 desiderat.
639 2563 725 2629 Nam
761 2563 798 2627 in
825 2563 1051 2655 monumentis
1079 2561 1144 2629 illis
1173 2564 1299 2632 mirum
1354 2555 1355 2638 i

200 2726 204 2736 .
259 2669 366 2736 sehoc
382 2669 531 2758 primum
553 2665 657 2745 offert,
680 2666 772 2758 quod
789 2663 997 2735 solummodo
1013 2662 1056 2731 ad
1076 2665 1223 2733 mediam
1239 2691 1300 2734 us·
1354 2699 1355 2708 ¹

164 2785 169 2794 ’
259 2795 325 2863 que
335 2772 517 2840 orationem
529 2765 757 2850 inveniuntur,
771 2771 809 2835 in
821 2769 953 2862 reliqua
965 2787 1060 2861 parte
1073 2772 1192 2842 omissa
1202 2789 1299 2857 sunt3
1354 2817 1355 2822 κ

258 2893 330 2942 tum
352 2872 461 2966 quod,
489 2898 555 2940 una
582 2891 723 2966 excepta
743 2873 917 2942 Aeschinis
945 2875 1167 2957 accusatione,
1196 2891 1300 2967 quot-

258 2995 341 3071 quot
367 2999 482 3045 eorum
516 2975 648 3044 decreta
674 2993 752 3043 suut
778 2977 897 3070 populi
931 2993 964 3043 et
991 2993 1139 3058 senatus,
1174 3002 1213 3045 ea
1241 3003 1300 3045 ar-

258 3083 393 3151 chontes
416 3080 498 3168 illos
515 3080 708 3173 praeierunt
728 3079 1033 3173 pseudeponymos3
1057 3078 1180 3147 deinde
1201 3082 1300 3174 quod

256 3185 458 3253 indueretis
486 3183 615 3253 duobus
645 3185 765 3278 primis
792 3183 922 3251 menses
952 3202 985 3252 et
1013 3183 1083 3252 dies
1107 3188 1203 3252 'certe
1230 3185 1301 3253 fal-

257 3306 309 3357 sos
332 3312 400 3358 esse
421 3289 612 3370 docuimus,
643 3291 680 3354 in
707 3287 833 3354 eisdem
854 3287 918 3355 alia
949 3309 1085 3381 quoque
1107 3287 1300 3382 deprehen-

257 3391 376 3472 dimus,
399 3410 484 3483 quae
507 3395 609 3460 etiam
629 3415 744 3458 rerum
765 3415 861 3458 verae
883 3390 1071 3460 conditioni
1092 3411 1297 3484 repugnent,

256 3493 400 3587 denique
423 3495 516 3587 quod
537 3494 621 3563 aliae
645 3497 744 3564 etiam
764 3493 913 3563 resident
933 3493 1151 3578 difficultates,
1173 3498 1299 3589 quibus

252 3599 459 3667 ,excutiendis
493 3622 592 3691 supra
621 3599 732 3666 minus
766 3598 958 3668 commodus
985 3598 1078 3667 locus
1105 3597 1298 3670 ridebatur.

255 3704 348 3788 Quae
377 3704 489 3771 omnia
516 3726 594 3770 sane
624 3702 788 3772 eiusmodi
815 3720 910 3783 sunt,
940 3719 977 3771 ut
1003 3703 1070 3770 nisi
1100 3700 1142 3770 ad
1170 3727 1300 3772 monu-
1354 3765 1355 3800 q

253 3825 442 3875 mentorum
463 3807 584 3874 horum
606 3809 889 3896 auctoritatemet
913 3804 1015 3873 fidem
1038 3808 1176 3875 omnino
1199 3831 1301 3876 ever-
1354 3821 1355 3890 t

252 3908 389 3976 tendam
417 3908 564 3991 valeant,
593 3908 711 3978 multas
741 3929 851 3978 tumen
887 3908 1027 3976 offerant
1054 3907 1300 3998 dubitationes,
1354 3935 1355 4002 ς

198 4063 201 4070 .
252 4036 334 4104 quas
362 4011 554 4082 removendi
586 4015 722 4084 omniuo
756 4013 853 4082 nobis
880 4011 1068 4079 iaciendum
1098 4013 1299 4108 periculum

146 4201 151 4209 Ι
219 4131 360 4204 ¹restat.
406 4114 607 4194 illustranda
637 4116 740 4209 igitur
768 4116 877 4187 adhuc
906 4133 954 4190 eat
986 4117 1140 4203 universa
1166 4141 1298 4192 monu-
1354 4117 1355 4206 i
