2706 4782
492 261 650 381 „ga-4

67 443 186 509 circiter
197 425 457 510 Atheniensium
475 439 697 525 Siciliensem,
722 440 861 536 Olymp.
884 442 982 512 xcu
1011 470 1039 513 a.
1065 469 1094 528 ι,

65 546 129 637 lege
149 565 340 614 concessum
362 561 420 626 est,
438 563 481 618 „ut
500 545 574 614 bini
604 547 643 613 in
664 544 858 615 adornanda
879 537 1009 617 triremi
1037 574 1095 646 oc-

65 665 267 741 cuperentur3
290 669 396 742 eaque
412 650 497 716 ratio
521 649 668 719 obtinuit
679 671 785 746 usque
807 649 851 716 ad
865 673 942 718 sum
956 677 1092 739 annum,

66 777 122 846 quo
162 751 431 844 Atheniensium„
454 754 491 820 in
526 753 697 822 Euboeam
734 753 917 850 expeditio,
954 755 995 825 de
1026 781 1093 850 qua

67 855 150 926 nodo
172 859 314 948 egimus,
342 875 459 924 contra
481 855 659 927 Thebanos
690 861 788 930 missa
818 877 875 926 est
919 858 976 926 Ad
1004 861 1092 930 hanc

69 961 152 1052 igitur
171 963 321 1056 primum
343 959 546 1031 voluntarios
569 964 731 1030 exstitisse
753 961 951 1032 trierarchos
966 965 1091 1035 Demo·

65 1065 177 1134 sthenes
199 1064 321 1150 uadit,
344 1081 509 1160 urgoente
529 1064 621 1134 haud
644 1065 746 1134 dubie
773 1068 982 1150 necessitate,
1011 1071 1090 1162 quia

64 1171 216 1262 praecepti
237 1170 306 1236 iam
327 1167 600 1237 antecedentibus
622 1169 720 1238 bellis
742 1171 767 1238 ii
789 1187 880 1252 sunt,
904 1172 1028 1264 quibus
1050 1198 1090 1240 ex

64 1271 124 1364 lege
144 1271 354 1342 adornandae
376 1291 474 1342 navet
498 1290 621 1354 essent,
645 1292 679 1342 et
700 1299 818 1368 magna
840 1293 1011 1366 praeterea
1032 1299 1089 1356 ,eo-

64 1399 127 1442 rum
144 1402 218 1470 pars
241 1379 279 1444 in
302 1375 502 1447 Macedonia
523 1379 591 1446 iam
613 1379 828 1471 Thraciaque
850 1377 1086 1471 occupabatur,

65 1481 111 1546 ubi
136 1480 252 1550 eodem
273 1483 348 1574 ipso
376 1499 525 1575 tempore
557 1479 648 1550 belia
674 1483 896 1550 Athenienses
929 1483 1089 1574 gerebant

65 1580 105 1662 (cf.
137 1608 205 1678 cap.
244 1585 296 1668 ΙΙ,
325 1609 378 1652 nr.
418 1609 429 1653 ι
471 1603 505 1654 et
539 1611 611 1680 cap.
640 1587 700 1667 IV,
734 1593 787 1676 9),
826 1586 976 1654 subsidia
1008 1610 1086 1660 vero

67 1684 93 1750 ia
114 1687 282 1758 Euboeam
311 1691 412 1757 nimis
441 1706 536 1757 erant
561 1688 776 1772 maturanda,
805 1714 909 1782 quam
940 1708 978 1758 ut
1007 1693 1086 1760 novi

72 1789 215 1860 trierarchi
235 1793 312 1890 lege
334 1791 445 1862 adhuc
468 1793 623 1862 constitui
643 1811 853 1888 possent-
873 1792 931 1862 Ad
952 1793 1087 1862 eosdem

70 1891 241 1968 voluntarios
281 1896 479 1967 trierarchos
517 1897 697 1990 confugere
729 1897 849 1974 ,civitas
891 1897 944 1964 bis
975 1897 1086 1968 adbuc'
1161 1886 1173 1944 .'

67 2011 190 2092 tempore
212 2002 327 2090 statim
352 2002 544 2096 insequenti
571 2019 683 2070 coacta
704 2019 769 2084 est,
799 2026 868 2094 qua
896 2001 939 2068 de
968 2027 1005 2070 re
1027 2028 1086 2070 au-·

67 2097 152 2170 diatur
171 2107 242 2198 ipse
267 2106 510 2174 Demosthenes
530 2104 605 2174 loco
627 2105 694 2173 huc
720 2103 821 2199 quam
843 2108 987 2174 maxime
1008 2110 1088 2201 per-'

66 2203 184 2291 tinente,
213 2213 254 2279 in
281 2233 330 2278 or.
353 2207 438 2278 Mid.
468 2235 503 2304 p.
538 2210 619 2280 566:
650 2211 790 2297 ἐγίνοντο
823 2213 878 2288 εἰς
909 2210 1085 2294 Εὔβοιαν

66 2306 233 2393 ἐπιδόσεις
256 2317 343 2402 παρ’
363 2313 453 2400 ὑμῖν
474 2319 645 2403 πρῶταιι
666 2314 787 2382 τούτων
809 2308 917 2400 abacia
934 2318 1082 2398 Μειδίας,

67 2408 117 2476 ἄλλ’
135 2418 209 2502 ἐγώ,
233 2419 287 2486 καὶ
310 2418 554 2506 συντριήραρχος
573 2411 613 2504 ἦν
633 2443 688 2502 μοι
714 2424 839 2495 Φιλῖνος
866 2417 1086 2508 &Maraxes-

70 2535 122 2578 τοι·
144 2521 234 2610 ἕτεραι
262 2520 404 2610 δεύτεραι
423 2520 503 2605 μετὰ
523 2527 624 2588 ταῦτα
646 2523 690 2599 εἰς
708 2521 879 2603 Ὄλυνθον,
904 2525 1007 2611 τρίται
1029 2528 1085 2590 νῦν

66 2607 137 2686 αὗται
153 2624 313 2712 γεγόνασιν
333 2625 493 2703 ἐπιδόσεις.
537 2626 577 2691 Iu
601 2625 723 2719 quibus
735 2648 799 2692 vox
821 2617 912 2693 αὗται
933 2624 1084 2719 largitio·

60 2740 106 2788 nes
130 2728 305 2818 significat,
340 2753 427 2822 quae
459 2712 611 2820 erogatae
643 2745 722 2796 sunt
755 2725 798 2796 ad
835 2727 1083 2824 expeditionem

60 2822 215 2917 Plutarchi,
245 2833 444 2900 Eretriensis
466 2834 601 2926 tyranni
623 2831 742 2900 auxilio
773 2834 810 2898 in
833 2834 1004 2902 Euboeam
1027 2859 1083 2900 su·
1224 2842 1228 2851 '

61 2948 182 3022 saeptam
215 2937 357 3030 Olymp.
382 2937 461 3006 cvl
494 2962 521 3004 a.
545 2940 576 3006 3.
620 2921 663 3005 VJ
681 2933 806 3004 B'ockh.
827 2938 912 3004 iiber
935 2937 967 3003 d.
992 2939 1082 3005 Zeit-

61 3036 257 3112 vahaltnisse.
275 3039 336 3108 der
357 3041 396 3108 R.
419 3066 449 3133 g.
472 3035 577 3110 Meid.
608 3043 645 3108 in
666 3041 763 3107 Actis
780 3041 883 3106 Acad.
905 3038 1015 3107 Berol.
1037 3042 1079 3106 A.

63 3139 232 3237 1818-19.
281 3143 332 3214 cl.
355 3143 476 3214 Philol.
498 3171 532 3239 p.
555 3147 598 3214 60
621 3165 670 3236 sq.
716 3143 781 3210 Illa
802 3147 904 3238 igitur
926 3147 1081 3237 superior

62 3245 205 3334 expeditio
227 3250 436 3318 Euboeensis
457 3275 531 3318 eam
551 3248 729 3342 significat,
752 3272 837 3341 quae
851 3246 988 3342 Olymp.
1007 3247 1080 3332 CV,

62 3342 181 3420 imissa
201 3371 260 3422 est
306 3353 465 3422 Ceterum
487 3351 604 3420 eadem
626 3352 668 3420 de
682 3375 721 3418 rc
734 3351 775 3421 cf.
789 3351 929 3424 Bockhii
951 3352 1080 3422 librum

63 3465 80 3511 ⁸·
97 3475 120 3520 ⁰·
140 3455 214 3526 Vol.
236 3458 280 3544 ll,
302 3482 337 3551 p.
359 3458 539 3552 inprimis
560 3457 734 3529 86-101·
