2750 4772
692 283 850 390 Q

252 421 487 532 Cltaerondim
521 459 616 524 hune
645 451 728 524 'vere
758 477 966 548 eponymum
991 475 1064 520 esse
1083 451 1297 531 indicaveris,
1362 511 1363 538 2

252 567 354 637 sicuti
374 561 638 630 Themistoclem
658 579 694 626 et
713 559 996 652 Theophrastum,
1018 557 1142 648 quibus
1155 557 1299 622 Aeschi-
1362 593 1363 602 .

129 677 132 682 ’
251 695 311 738 nes
350 671 389 736 in
424 665 543 733 eadem
580 665 732 750 oratione
765 662 837 730 aliis
870 662 953 728 locis
982 685 1086 728 anuos
1124 660 1296 751 designat3

253 771 487 842 Chaerondam
526 787 661 848 contra,
713 768 915 834 accusationi
947 765 1153 831 Aeschineae
1194 787 1299 855 prae·

251 879 367 957 fixum,
388 875 509 941 falsum
530 875 605 938 inre
625 873 815 964 suspiceris,
838 871 990 936 etsicuti
1009 893 1124 936 omues
1145 867 1296 959 reliquos
1362 905 1363 966 3

252 983 437 1057 archontes,
459 978 520 1069 qui
542 979 623 1043 actis
644 975 789 1068 publicis
812 975 955 1042 orationi
978 972 1021 1038 de
1042 996 1165 1038 corona
1186 973 1298 1037 inser*

252 1087 295 1151 tis
316 1082 455 1176 praefixi
483 1099 578 1161 sunt,
605 1077 930 1171 pseudepouymum.
976 1075 1075 1158 Quod
1103 1077 1131 1142 si
1158 1094 1292 1158 statuas,
1362 1145 1363 1158 ¹

251 1211 364 1254 rerum
385 1187 451 1252 hnc
477 1185 720 1277 pertinentium
749 1181 904 1250 ordinem
929 1182 1022 1246 hunc
1050 1183 1198 1248 obtineas
1230 1205 1296 1246 nc·
1362 1181 1363 1188 '

253 1315 343 1358 cesse
365 1307 428 1356 est:
796 1367 797 1370 Ἴ

298 1391 457 1486 Olymp.
482 1391 567 1472 CX,
591 1393 629 1470 3,
651 1413 771 1482 epon.
797 1388 1050 1457 Chaerouda.

487 1497 818 1588 Metagitnionis
856 1493 1023 1560 Vll'ad
1063 1491 1295 1560 Chaeroneam
1362 1539 1363 1560 1

806 1601 812 1609 “
850 1599 1051 1688 confligitur.

486 1701 827 1794 Sciroplforione
857 1701 1098 1769 Demosthenes
1119 1701 1296 1786 τειχοποιός

851 1806 900 1870 fit.

299 1839 464 2006 Olymp.
488 1910 576 1990 CX,
598 1911 635 1995 4,
659 1932 781 2001 epon.
803 1909 1046 2002 Phrynicho.

487 2015 797 2108 Pyauepsionis
821 2015 954 2081 XXII.
978 2013 1161 2106 Ctesiphon
1178 2010 1295 2079 decre·
1362 2061 1363 2106 1

850 2135 922 2184 tum
949 2120 1112 2210 proponit
1133 2117 1176 2182 de
1198 2141 1295 2184 coro-
1362 2111 1363 2126 ¹

849 2220 961 2288 nando
984 2221 1220 2289 Demosthene.

367 2349 370 2359 ¹
488 2321 855 2418 Elaphebolionis
877 2327 941 2393 Vl.
964 2326 1147 2392 Aeschines
1168 2325 1293 2414 γραφὴν
1362 2359 1363 2370 ¹

852 2427 1042 2516 παρανόμων
1077 2429 1121 2495 ad
1151 2429 1292 2496 archon·
1362 2433 1363 2440 ’

374 2603 375 2606 ¹
431 2611 435 2616 ⁵
851 2551 919 2598 tem
941 2532 1058 2598 defert.
1119 2597 1123 2606 ,

340 2637 381 2703 In
401 2636 467 2704 hoc
499 2661 613 2704 rerum
643 2641 760 2706 ordine
795 2635 833 2700 id
861 2639 970 2702 statim
1001 2635 1230 2728 quaerendum
1255 2661 1293 2703 se

256 2739 368 2821 offert,
398 2739 658 2808 reficiendorum
693 2753 867 2807 murorum
898 2738 1092 2822 consilium,
1126 2741 1169 2806 ad
1198 2742 1293 2834 quod
1319 2771 1322 2782 ·
1362 2763 1363 2784 ¹

256 2845 400 2910 instante
429 2847 626 2935 praesertim
658 2846 885 2936 impressionis
919 2844 1071 2935 periculo
1106 2845 1291 2937 confugisse
1362 2833 1363 2876 ³

256 2948 421 3014 civitatem
453 2971 517 3040 per
544 2972 579 3014 se
602 2967 859 3015 consentaneum
881 2967 939 3028 est,
963 2947 1048 3040 qnid
1067 2948 1210 3017 valuerit
1232 2950 1290 3017 01.
1362 2957 1363 3000 ἐ

257 3049 338 3133 CX,
369 3055 577 3133 dexeunte,
612 3050 806 3144 decimoque
829 3052 965 3118 demum
991 3076 1104 3118 mense
1125 3072 1201 3145 post
1223 3054 1291 3138 cla·
1362 3041 1363 3052 ¹

256 3153 334 3220 dem
356 3154 398 3222 ad
421 3154 647 3222 Chaeroneam
678 3174 862 3248 acceptam,
893 3180 959 3246 quo
983 3174 1130 3247 tempore
1151 3181 1205 3224 res
1226 3185 1291 3251 pu·
1362 3151 1363 3222 l

254 3256 351 3337 blica,
375 3283 459 3350 quae
482 3261 546 3325 sibi
567 3285 629 3352 per
660 3259 792 3326 cladem
821 3258 916 3325 illam
944 3260 1164 3327 imminebant
1191 3263 1288 3344 mala,
1362 3319 1363 3338 2

257 3359 317 3426 diu
340 3361 513 3452 effugerat,
536 3381 569 3429 et
589 3389 672 3456 pace
694 3365 760 3430 iam
781 3363 960 3430 fruebatur.
1007 3363 1175 3443 Continuo
1198 3370 1289 3434 enim
1362 3391 1363 3436 1

255 3483 332 3558 post
353 3465 577 3532 infortunium
599 3467 688 3533 illud
715 3469 873 3534 victorem
894 3485 1035 3537 mutasse
1058 3469 1194 3536 consilia
1217 3463 1288 3538 aui-

255 3571 372 3661 mique
383 3594 463 3661 erga
477 3571 695 3636 Athenienses
711 3571 917 3638 allectionem
929 3574 1105 3662 scriptores
1121 3575 1285 3644 referunt:

258 3671 397 3739 Diodor.
424 3673 515 3753 XVI,
538 3678 590 3763 87.
614 3675 729 3742 lustin.
753 3675 810 3753 IX,
833 3676 864 3761 4.
887 3675 975 3741 Plut.
998 3676 1097 3742 Phoc.
1127 3679 1178 3762 163
1209 3703 1287 3746 eon-

256 3773 368 3842 firmat
389 3779 461 3867 ipse
484 3799 618 3868 quoque
640 3777 878 3854 Demosthenes
901 3779 1029 3846 decor.
1052 3805 1086 3871 p
1110 3781 1190 3866 304,
1215 3785 1286 3850 iuo-

157 3903 162 3916 ·
256 3877 389 3967 pinetae
411 3879 564 3945 salutis
554 3899 634 3946 rtem
662 3885 761 3952 etiam
789 3883 968 3949 Aeschines
991 3886 1149 3952 meminit
1181 3909 1228 3952 οι.
1250 3888 1286 3952 in

256 3977 344 4046 Ctes.
377 4008 410 4073 p.
442 3983 493 4068 76.
523 3983 610 4050 med.
641 3981 881 4086 Demosthenes
908 3987 1107 4054 Aeschinem
1128 3991 1285 4058 contiuuo

255 4101 331 4180 post
351 4109 499 4177 pugnam
519 4083 662 4180 legatum
690 4081 781 4182 pacis
806 4112 905 4158 causa
926 4089 970 4168 ad
991 4091 1187 4186 Philippum
1208 4119 1285 4188 pro·
