2694 4784
27 28 31 83 l

534 246 693 372 ‚gas-

26 418 27 422 Ἰ
93 459 160 528 cap.
182 434 230 516 ll,
252 455 304 502 nr.
328 437 366 528 7)
391 456 500 504 unum
520 434 631 517 affert,
660 432 755 530 quod
781 458 861 503 cum
882 435 1035 530 Pythone
1057 461 1138 514 con·

25 618 27 667 l

25 703 27 763 l

92 539 278 634 spiraverit,
300 537 454 622 alterum,
477 539 672 632 quodcum
697 540 872 622 Ananim,
904 538 1059 635 Philippi
1080 567 1137 610 er-

90 642 261 736 ploratore‘
282 641 477 735 colloquens
498 645 543 710 sit
568 644 839 737 comprehensus.
890 643 1024 712 Deinde
1053 671 1136 740 quas

25 812 26 856 p
91 745 188 817 modo
212 748 421 816 enumeravit
445 747 623 816 Aeschinis
651 750 792 816 iniurias
821 765 899 814 ante
926 746 1054 816 bellum
1076 747 1136 817 de-

25 859 26 876 *
91 875 154 919 uno
182 853 366 918 excitatum
394 851 438 920 ah
459 875 500 920 eo
527 869 734 946 perpetratas
756 873 827 918 esse
848 869 1001 936 testatur,
1029 879 1136 946 quum

95 955 197 1022 dicat:
221 959 274 1023 aul
296 956 333 1023 τὸ
353 956 413 1040 μὲν
439 955 481 1042 δὴ
501 957 576 1043 πρὸ
607 963 674 1024 τοῦ
695 963 877 1041 πολεμεῖν
897 963 1040 1046 φανερῶς
1059 983 1135 1026 συν-

24 1107 26 1162 3
92 1063 297 1147 αγωνίζεσθω
328 1059 476 1151 numu
508 1059 610 1126 dordr
633 1061 693 1144 pir
719 1099 764 1114 -
792 1060 874 1128 sord
901 1065 959 1144 τῆς
983 1065 1136 1148 πατρίδος

24 1212 25 1283 p
91 1192 115 1230 r.
134 1190 164 1231 τ.
187 1171 218 1232 λ.
243 1161 392 1250 (decor.
414 1188 449 1256 p.
471 1165 568 1253 27193
590 1181 660 1232 tum
682 1185 762 1232 vero
783 1163 939 1233 ultimam
959 1164 1135 1232 Aeschinis

24 1487 26 1561 l

90 1267 373 1335 machinationem
394 1270 550 1360 exponit,
573 1293 639 1359 qua
659 1267 787 1336 bellum
807 1268 1057 1361 Amphissense
1079 1295 1136 1337 er-

94 1389 234 1440 tremam
257 1371 351 1438 illam
374 1371 535 1438 Graeciae
556 1374 755 1466 perniciem,
779 1374 952 1456 excitavit3
981 1371 1020 1439 id
1042 1372 1136 1466 qnod
1251 1437 1261 1452 ‚

89 1476 213 1543 iactum
237 1499 307 1542 esse
330 1473 468 1568 Olymp.
492 1474 572 1554 CX,
605 1500 615 1541 t
643 1477 732 1544 infra
754 1477 841 1568 (cap.
863 1476 909 1560 V)
930 1477 1133 1544 ostendetur.

24 1605 25 1681 }
91 1579 189 1648 Unde
212 1603 424 1672 consequens
456 1596 524 1659 est,
555 1595 589 1644 et
615 1580 816 1673 legationem
850 1579 943 1647 illam
972 1581 1135 1675 Pythonis

91 1703 121 1752 ct
137 1709 186 1768 ea,
209 1708 300 1778 qnae
312 1682 354 1750 de
368 1683 522 1750 Anaxino
533 1681 738 1766 referuntur,
759 1685 847 1750 intra
858 1682 998 1777 Olymp.
1011 1684 1134 1768 cvm,

90 1812 108 1856 a
130 1807 163 1858 et
185 1788 331 1881 Olymp.
355 1787 428 1870 CX,
455 1811 466 1853 r
494 1807 564 1852 esse
586 1785 830 1855 constituenda.

170 1894 238 1960 His
259 1895 361 1984 igitur
381 1894 419 1958 in
432 1892 627 1958 universnm
637 1894 826 1960 constitutis
838 1889 882 1957 ad
897 1892 1136 1960 accuratiorem

90 1998 154 2063 iam
174 2022 295 2064 rernm
317 2014 575 2090 temporumque
596 1996 885 2088 investigationem
898 1997 1134 2078 convertimur.

91 2102 194 2191 Pytho
230 2102 287 2168 hic
318 2099 518 2192 Byzantius,
549 2101 644 2167 onius
677 2101 827 2168 convicia
853 2101 890 2166 in
912 2099 1135 2174 Athenienses

92 2205 188 2274 effusa
208 2205 376 2273 retudisse
386 2229 423 2271 se
434 2204 677 2272 Demosthenes
689 2204 724 2270 h.
738 2202 762 2271 l.
775 2203 949 2296 gloriatur,
971 2204 1072 2273 homo
1085 2202 1136 2272 lo-

93 2309 217 2401 quendi
241 2307 400 2376 facultate
428 2306 610 2375 admodum
639 2307 744 2375 elatus
773 2308 909 2398 (Aesch.
937 2337 972 2374 n.
994 2334 1132 2395 παραπρ.

25 2455 26 2472 .
92 2435 122 2504 p.
142 2414 198 2500 44.
220 2415 275 2500 ἱ),
296 2416 327 2480 si
347 2410 439 2478 idem
460 2428 526 2492 est,
549 2437 588 2480 ac
620 2437 724 2504 quem
744 2413 840 2479 Aeno
862 2409 1044 2479 oriundum
1066 2413 1134 2478 De-

24 2498 25 2525 *
92 2520 280 2586 mosthenes
302 2516 386 2582 alibi
407 2533 503 2583 vocat
524 2517 587 2604 (or.
610 2517 646 2580 in
669 2517 827 2583 Aristocr.
871 2541 907 2608 p.
928 2515 1062 2604 659)'),
1083 2517 1134 2592 cl,-

24 2613 26 2692 l
93 2623 180 2690 vitati
202 2622 464 2690 Atheniensium
485 2618 571 2686 olim
593 2617 778 2711 adscriptus
799 2619 871 2686 luit
915 2621 1050 2686 Etenim
1067 2621 1132 2712 Py-

24 2755 25 2786 t
92 2724 144 2794 tho
173 2727 376 2819 cognomine
406 2725 533 2791 Aenins
565 2724 677 2816 Cotyn
698 2747 813 2815 regem
840 2723 1017 2803 Thraciae,
1048 2723 1131 2790 Cer-

93 2829 250 2925 sobleptis
270 2847 419 2923 patrem,
447 2853 553 2922 quum
583 2829 843 2896 Atheniensibus
874 2829 981 2919 gravis
1006 2851 1077 2896 esse
1098 2846 1132 2895 et

130 3129 330 3216 'lllyaantius
359 3130 523 3213 saepissime
546 3131 723 3206 nominatur,
754 3145 870 3214 praeter
890 3131 919 3188 h.
942 3152 985 3190 or.
1007 3129 1046 3206 de
1068 3153 1128 3191 cor.

171 3220 263 3302 hap.
283 3218 389 3280 Aesoh.
411 3239 444 3279 n.
466 3237 606 3299 παραπρ.
634 3239 666 3299 p.
688 3214 733 3288 44
760 3232 790 3276 et
816 3218 849 3276 in·
871 3218 1022 3278 Demosth.
1045 3219 1128 3300 epist.
1269 3225 1277 3234 '

171 3307 208 3384 11,
229 3331 261 3392 p.
288 3303 384 3382 14693
405 3305 501 3386 Pytho
523 3307 632 3365 Aenios
653 3305 683 3362 in
712 3325 756 3364 or.
777 3301 842 3363 adv.
865 3305 1003 3364 Aristocr.
1026 3327 1130 3366 occur-

116 3399 119 3404 '
172 3395 211 3453 rit
234 3417 263 3476 p.
292 3395 366 3475 659.
415 3391 631 3451 Inconstantiam
661 3391 838 3473 cognominis
867 3389 943 3451 hene
973 3391 1128 3474 explicasse

174 3480 310 3540 Reiskius
337 3477 453 3538 videtur
482 3480 511 3537 in
540 3479 600 3538 ind.
633 3478 732 3538 histor.
761 3476 800 3537 ad
831 3479 916 3538 Deru.
947 3501 972 3538 v.
1003 3479 1128 3559 Python.

174 3569 274 3628 Aenus
307 3565 378 3626 urbs
409 3563 487 3624 hand
508 3563 599 3624 dnhie
621 3587 653 3624 ea
676 3579 736 3642 est,
757 3587 844 3648 quam
864 3567 895 3624 in
916 3565 1055 3624 Thraciae
1077 3587 1128 3625 ora

174 3652 212 3713 ad
233 3652 328 3714 Hebri
348 3652 474 3714 fluminis
495 3653 600 3712 ostium
621 3654 702 3712 sitam
723 3665 843 3729 conant,
864 3650 944 3712 unde
959 3653 1127 3732 Byzantium

93 3781 98 3786 -
175 3739 270 3822 Pytho
296 3737 470 3822 demigrasse
496 3737 625 3814 videtur,
652 3739 690 3798 ab
718 3759 813 3825 eaque
839 3739 913 3798 urhe
934 3738 1055 3798 alterum
1076 3761 1128 3800 oo-

175 3849 297 3908 gnomen
319 3826 500 3886 contraxisse.
543 3825 644 3900 Solent
666 3825 742 3884 enim
764 3825 870 3886 Graeci
895 3823 1014 3884 eosdem
1035 3827 1128 3885 homi·

176 3935 225 3972 nes
246 3915 365 3996 geminis
387 3912 550 3972 nominihus
571 3913 727 3994 appellare,
748 3912 840 3972 altero
859 3913 925 3976 loci.
947 3934 1008 3996 qno
1031 3913 1060 3972 in
1083 3913 1128 3971 ln·

176 4021 236 4063 cem
259 4001 371 4082 quique
396 3998 567 4082 prodierint,
589 4000 693 4076 altero,
723 4021 784 4081 quo
810 4021 938 4081 magnam
966 4001 1039 4059 vitae
1061 4021 1128 4081 par-

176 4101 232 4146 tem
253 4088 428 4170 peregerint.
