2750 4772
659 284 816 391 *go-a„

215 461 464 555 Peloponneso,
512 483 549 525 ac
593 481 729 551 nuper
751 471 885 523 centum
927 452 1130 522 talentorum
1165 452 1256 521 redi·

217 587 289 635 tum
312 581 426 632 contla
448 561 647 654 Philippum
669 583 875 654 comparasse
904 563 944 624 ab
966 557 1107 624 Achaeis
1129 574 1162 624 et
1184 559 1258 624 Me

218 668 410 766 gerensibus
438 668 605 758 etiamque
636 664 678 732 ab
707 665 865 732 Euboicis
885 661 1036 728 urbibus.
1081 661 1163 727 Eius
1185 684 1260 729 ora·
1344 653 1346 720 Ϊ

219 778 346 843 ιὶοιιιιιιι
369 773 500 863 excepit
521 769 776 841 Demosthenes.
805 765 1081 842 Renunciabat
1070 789 1100 832 rs
1119 764 1260 859 legatio·

218 903 311 946 nem
319 874 637 968 Peloponnesiacum
660 891 693 941 et
714 875 940 950 Acarnanam,
964 893 1046 963 quas
1068 871 1261 963 nuperrime

221 981 373 1065 obiisset3
403 1001 585 1072 omnesque
612 976 872 1071 Peloponnesios
904 973 1013 1041 aiebat
1044 991 1175 1069 paratos
1203 974 1264 1040 ha·
1303 999 1305 1004 ·

221 1085 319 1166 bere,
347 1107 464 1176 ¹omnes
492 1084 573 1150 item
595 1083 787 1149 Acarnanes
820 1106 839 1147 a
870 1103 905 1146 se
928 1096 1045 1147 contra
1066 1076 1279 1172 Philippum¹

224 1180 365 1255 armatos
389 1212 467 1253 esse.
514 1186 688 1254 Summam
716 1202 827 1253 autem
847 1184 1012 1277 pecuniae
1035 1206 1107 1250 esse
1129 1200 1265 1263 tantam,

223 1293 315 1358 unde
336 1315 434 1358 naves
458 1289 629 1382 expeditae
651 1308 787 1358 centum
809 1286 971 1381 compleri
983 1303 1129 1380 possent,
1153 1304 1188 1354 et
1210 1284 1267 1352 de-

225 1421 299 1464 cem
320 1394 430 1461 millia
452 1392 605 1486 peditum
627 1393 794 1462 conscribi
822 1410 855 1459 et
876 1393 1005 1484 equites
1026 1389 1137 1476 mille3
1170 1415 1268 1484 prae-

225 1519 316 1568 terea
338 1491 480 1574 urbanas
503 1499 616 1591 copias
638 1495 778 1578 restare,
809 1521 826 1563 e
856 1493 1088 1588 Peloponneso
1122 1494 1267 1586 amplius

225 1605 277 1671 bis
299 1602 391 1670 mille
414 1618 565 1682 armatos,
589 1627 628 1669 ex
640 1601 828 1668 Acarnania
851 1598 990 1668 totidem
1010 1598 1102 1680 alios.
1148 1599 1205 1666 Ab
1218 1599 1267 1666 his

227 1725 337 1775 autem
379 1707 533 1774 omnibus
573 1708 805 1801 principatum
843 1705 1104 1772 Atheniensibus
1141 1703 1270 1772 datum.

226 1815 339 1904 Atque
360 1811 442 1877 haec
464 1809 654 1878 confectum
675 1810 719 1877 iri
741 1801 812 1877 non
834 1808 994 1878 diuturno
1013 1810 1174 1900 temporis
1198 1834 1272 1901 spa-

227 1918 292 1996 tio,
324 1914 382 1982 sed
415 1914 546 1980 decimo
575 1933 662 1980 sexto
691 1913 970 1982 Anthesteriouis.
1022 1915 1276 1982 Denuneiatum

229 2023 321 2088 enim
349 2046 368 2084 a
394 2043 428 2084 se
458 2019 597 2084 urbibus
625 2033 710 2100 esse3
745 2036 783 2085 ut
813 2017 855 2083 ad
891 2016 1121 2138 plenilunium
1157 2039 1274 2089 omnes

228 2124 378 2191 Athenas
402 2123 629 2188 convenirent.
674 2121 734 2187 His
763 2122 965 2189 renunciatis
987 2119 1125 2189 decerni
1147 2122 1276 2214 legatos

229 2229 325 2294 iussit
348 2226 609 2308 Demosthenes,
638 2227 698 2318 qui
724 2227 919 2292 Eretriam
909 2244 999 2293 rrent
1020 2245 1052 2294 et
1075 2227 1218 2310 Oreum,
1244 2243 1277 2293 et

230 2329 350 2399 foedus
373 2331 521 2398 facerent
542 2329 695 2396 adversus
717 2328 918 2423 Philippum
936 2312 1012 2398 euni
1030 2331 1278 2400 Eretriensium

231 2454 264 2503 et
287 2434 460 2504 Oritanum
481 2434 608 2527 populo
637 2459 674 2500 ea
696 2433 912 2516 conditione,
934 2452 973 2503 ut
993 2459 1104 2528 neque
1125 2438 1278 2504 Athenas

231 2538 274 2605 ad
305 2537 505 2608 concilium.
522 2539 721 2634 convenire,
759 2563 822 2606 nec
857 2539 1117 2607 Atheniensibus
1151 2543 1281 2610 tributa

231 2642 374 2725 solvere,
406 2640 498 2734 quod
524 2641 656 2710 fecisset
684 2660 798 2724 antea,
829 2645 1065 2734 inposterum
1094 2663 1281 2728 teneretur,

231 2747 291 2816 sed
318 2743 479 2816 Chalcide
508 2768 686 2814 commune
720 2747 951 2814 Euboicarum
977 2749 1162 2819 civitatium
1196 2773 1282 2818 con-

232 2849 349 2918 cilium
371 2849 468 2917 fieret
489 2847 600 2943 eique*
612 2848 734 2917 Callias
759 2869 933 2944 praeesset.
987 2851 1137 2920 Foedere
1167 2871 1285 2922 autem

158 2971 162 2979 '
231 2953 317 3024 laeto
347 2951 478 3021 bellum
499 2955 658 3021 continuo
682 2952 837 3022 adversus
864 2955 1060 3049 Philippum
1082 2958 1119 3023 in
1141 2959 1285 3025 Euboea
1313 3023 1317 3028 .

233 3074 363 3152 gestum
402 3081 471 3126 esse
508 3057 630 3127 docent
662 3059 796 3154 reliqua
830 3060 1006 3127 Aeschinis
1034 3066 1141 3129 verbs.
1201 3065 1286 3130 Ori-

233 3181 282 3230 tas
306 3165 399 3233 enim
420 3161 510 3231 bello
534 3164 701 3233 confectos
729 3187 773 3230 ne
797 3164 960 3235 talentum
991 3164 1133 3257 quidem
1150 3167 1286 3234 solvere

232 3267 454 3336 Demostheni
483 3271 628 3360 potuisse
656 3266 780 3356 refert,
806 3265 898 3361 quod
923 3267 1057 3336 loedere
1079 3271 1140 3337 isto
1165 3274 1288 3342 conei-

234 3368 352 3440 liaudo
375 3372 559 3440 meruisset.

322 3475 392 3544 Iam
413 3499 491 3544 vero
515 3475 557 3543 de
575 3474 735 3571 tempore
748 3476 923 3568 legationis
945 3477 1045 3544 huius
1067 3477 1288 3574 foederisque

219 3579 314 3647 *lacti
336 3577 506 3648 difficilior
529 3583 679 3673 quaestio
702 3580 906 3648 instituenda
918 3583 991 3648 erit.
1036 3581 1291 3653 Demosthenes

189 3713 193 3722 ²
234 3708 288 3752 or.
307 3684 350 3752 de
373 3707 440 3752 cor.
432 3708 496 3778 ..p
521 3688 560 3754 25
565 3709 595 3752 a.
617 3683 818 3777 legationem
848 3683 891 3753 ad
917 3684 1034 3754 foedus
1057 3712 1133 3754 cum
1156 3689 1293 3758 Euboi·
1346 3675 1350 3682 ¹

235 3789 282 3856 cis
306 3789 494 3857 civitatibus
512 3787 701 3856 ineundum
713 3789 896 3857 decrevisse
918 3813 953 3856 se
975 3790 1158 3859 dieitinter
1170 3796 1295 3885 prima

123 3910 128 3923 ·
225 3889 387 3986 ¹Philippi
417 3892 461 3958 ad
490 3894 660 3961 Euboeam
689 3917 749 3962 suo
772 3896 916 3987 imperio
943 3896 1190 3962 subiiciendam
1214 3923 1294 3966 mo-

235 3995 371 4081 limina3
402 3995 652 4091 expeditionem
679 4021 756 4067 vero
786 4001 1009 4066 broniensem
1041 4019 1074 4067 et
1102 4001 1293 4070 Oritanam

237 4119 314 4198 post
335 4102 503 4175 institutos
527 4102 611 4174 Oroi
634 4105 853 4199 Eretriacquo
877 4123 1044 4198 tyrannos.
1068 4193 1070 4198 ι
1091 4105 1207 4178 Prima
1232 4133 1294 4175 au-
