2706 4782
707 267 760 313 xvt
799 281 802 288 ·

666 337 821 355 ...ι-ἁ

220 427 338 502 editas
366 423 413 500 de
446 424 546 499 bello
566 422 893 526 -Amphipolitano,
920 424 966 498 de
996 422 1192 522 Olyntho,
1229 426 1288 500 de

141 632 143 636 ¹
213 575 312 650 pace
338 547 457 648 prima
483 549 578 620 inter
603 538 815 646 Philippum
851 561 888 618 et
914 542 1162 620 Athenienses
1202 573 1287 648 per

211 669 362 771 legatos
391 663 657 760 celeberrimos
684 668 901 764 composita,
926 669 966 740 in
982 661 1121 765 quihus
1135 666 1286 768 plura,

220 815 318 890 quae
334 789 452 863 tribus
467 790 598 887 primis
623 785 807 888 capitibus
827 811 849 860 a
868 809 928 860 me
951 785 1138 886 disputata
1152 791 1283 884 sum,

219 911 415 1012 diligenter
441 925 477 983 et
505 912 659 1010 copiose
678 906 868 1008 explorata
884 909 1132 1002 inveniuntur,
1160 937 1281 986 nus-

218 1057 330 1132 quam
347 1032 584 1132 respexerim.
635 1027 740 1102 Illum
766 1030 864 1102 enim
885 1027 1007 1103 fateor
1023 1034 1177 1107 omnino
1202 1061 1277 1110 me

220 1151 270 1226 ad
283 1175 413 1227 manus
438 1137 515 1226 non
540 1149 733 1241 habuisse,
764 1147 854 1241 hae,
882 1147 987 1250 quod
1015 1148 1064 1226 de
1094 1154 1274 1245 Cliutor'ri

215 1281 371 1376 'quoque
386 1276 505 1348 Fastis
519 1271 716 1348 Hellenicis
731 1295 878 1362 moneo,
894 1274 1013 1346 serius
1031 1272 1121 1348 mihi
1139 1278 1271 1351 inno-

220 1411 380 1488 tuerunt,
407 1399 522 1468 serius
540 1417 690 1496 quoque
707 1391 755 1466 ad
781 1418 840 1466 ms
851 1389 1114 1493 pervenerunt,
1141 1423 1264 1498 quam

186 1497 260 1590 ¹ut
296 1518 366 1590 eis·
384 1514 506 1592 adhue
541 1518 595 1590 uti
627 1519 823 1614 potuerim.
872 1496 1055 1617 Reliqua}
1078 1542 1178 1618 quae
1211 1524 1257 1593 in

220 1636 478 1738 dispositionis
523 1636 718 1738 elegantia,
759 1640 796 1709 in
837 1639 1074 1739 enarrationis
1113 1637 1252 1714 brevi-

216 1776 302 1854 tate,
329 1761 367 1832 iu
394 1745 569 1834 orationis
589 1753 770 1832 munditie
798 1773 834 1831 et
860 1759 1088 1858 integritate,
1103 1761 1141 1831 in
1168 1757 1253 1833 aliis
1342 1837 1344 1852 ,

141 1957 143 1960 .
218 1881 515 1982 quibuscumque
542 1894 695 1979 peccata
728 1881 819 1969 siut,
845 1879 909 1974 Tu,
937 1895 1049 1973 certe,
1074 1881 1254 1977 Boeokhi,

214 2000 433 2096 excusabis,
469 2000 534 2099 qui
568 2023 628 2070 me
661 2023 818 2098 meaque
854 2015 1021 2104 tempora
1061 2005 1176 2095 nosti,
1211 2019 1253 2079 et

217 2146 314 2222 opus
349 2121 424 2194 hoc
458 2123 678 2196 necessitate
712 2122 874 2220 primum
906 2127 1103 2216 maturius,
1137 2150 1252 2226 quarn

216 2236 395 2344 religiosa
416 2243 511 2314 ratio
539 2243 698 2332 iusserit,
726 2237 935 2343 extorqueri
951 2245 1054 2337 mihi,
1080 2261 1159 2320 tum
1185 2250 1252 2320 in-

216 2381 272 2438 ter
299 2361 457 2438 acerbos
483 2366 578 2438 vitae
604 2363 765 2480 impetus
793 2357 987 2468 animique
1005 2391 1253 2467 gravesper-
1341 2409 1343 2480 ζ

180 2485 445 2562 ·turbationes
478 2508 689 2560 accrescere
727 2485 824 2559 bene
863 2491 1084 2562 memineris.
1144 2493 1250 2584 Quae

187 2607 367 2708 quidem
402 2628 477 2680 non
503 2609 583 2676 Tua
610 2597 719 2679 causa
746 2630 1015 2701 commemoro,
1050 2607 1117 2684 sed
1143 2610 1265 2713 quod
1341 2639 1342 2644 ¹

151 2737 154 2742 ’
215 2727 336 2802 solatii
362 2725 630 2824 lenimentique
663 2750 733 2824 per
759 2729 875 2799 Tuam
895 2728 1000 2802 'mihi
1018 2730 1246 2807 ‚humanita-

213 2863 289 2920 tem
322 2843 418 2919 allati
458 2846 664 2944 gratissima
699 2848 831 2920 iterum
867 2873 937 2922 nee
971 2877 1147 2954 umquam
1179 2881 1245 2927 re-

214 2964 409 3068 primenda
436 2969 474 3037 in
501 2968 662 3040 animum
688 2991 811 3042 meum
838 2968 933 3044 redit
959 2977 1146 3048 memoria.
1198 2982 1243 3048 At

173 3092 179 3102 ‘
212 3089 300 3161 huic
327 3087 726 3163 iam·satisfoetum³sit.
779 3090 867 3165 Vale
893 3094 977 3185 iam,
1006 3075 1062 3166 vir
1086 3094 1240 3196 egregie,
1342 3085 1343 3140 }

212 3207 312 3301 vale,
338 3207 509 3309 Tibiqm,
547 3209 646 3310 quod
681 3213 746 3310 pio
763 3235 921 3313 semper
948 3215 1070 3287 animo
1098 3241 1236 3315 precor,
1342 3197 1343 3246 ³

213 3355 400 3430 quamque
425 3332 528 3405 Deus
560 3330 708 3422 horam,
745 3330 923 3435 quodque
957 3333 1120 3409 fortunet
1147 3363 1240 3412 con·
1300 3401 1304 3418 ,

211 3451 343 3525 silium⁴
396 3449 612 3526 Scribebam
638 3455 849 3528 Monasterii
866 3455 1240 3542 crematorum-*cae

146 3599 148 3602 ·
209 3571 332 3646 lendis
359 3569 572 3650 Februariis
590 3575 888 3650 MDCCCXXIX.
