2750 4772
529 293 650 370 ,2³⁷

98 463 227 534 hibitus
256 462 384 558 aliquot
414 461 551 534 demum
581 462 752 532 mensibus
783 478 860 556 post
894 461 1068 532 Graeciim
1100 462 1139 534 r'e

98 595 176 639 vera
198 567 397 661 ingreditur.
443 565 545 657 Quod
566 589 672 661 quum
693 589 808 636 omnes
829 567 1006 660 scriptores
1022 565 1143 638 adver-'

99 697 154 760 sus
176 673 396 742 Athenienses
425 689 536 739 actum
565 695 634 740 esse
666 672 870 738 unanimiter
891 690 1062 755 cemeant‚
1089 674 1138 741 sa·

99 777 166 844 cile
188 799 270 844 sane
292 777 368 846 fieri
389 777 509 869 potuit,
531 793 569 843 ut
589 777 821 844 brevissimum
841 773 928 842 illud
948 779 1040 868 pacis
1062 803 1139 870 spa-

87 884 185 948 'tium
207 899 241 948 et
261 881 332 948 fere
353 879 484 948 nullum
507 879 548 946 ab
570 882 611 948 iis
633 903 768 973 prorsus
786 879 978 972 neglectum
998 884 1050 949 sit.
1096 883 1138 950 Id

101 983 193 1082 quod
221 985 287 1078 ipsi
314 983 382 1052 itm
412 983 613 1053 Philochoro
642 982 779 1065 accidit,
814 1009 931 1078 quem,
958 1004 1138 1080 postquam

91 1085 217 1182 ‘pacem
231 1089 390 1159 archonte
413 1087 645 1181 Theophrasto
664 1085 857 1154 soiemniter
875 1087 1044 1156 discissam
1058 1117 1139 1158 nar·
1202 1159 1205 1164 ,

99 1212 212 1279 resset,
235 1200 296 1290 sub
319 1193 477 1260 archonte
499 1189 732 1283 Lysimacbide
760 1191 910 1286 (Olymp.
935 1194 1016 1279 CX,
1045 1203 1138 1281 a)ea
1157 1189 1159 1200 ’

100 1319 268 1392 exponere
289 1297 471 1388 Dionysius
500 1297 542 1361 fl.
564 1293 667 1362 refert
687 1293 723 1384 (l.
747 1318 775 1363 o.
797 1298 827 1386 §.
854 1303 923 1381 ιι),
947 1301 1138 1389 quaefacta

98 1404 166 1470 sint
184 1401 265 1488 μετὰ
285 1402 344 1488 τήν
364 1401 451 1468 idota
472 1405 528 1488 τής
565 1399 703 1486 εἰρήνης,
737 1422 775 1464 ac
801 1400 829 1464 si
857 1397 951 1466 nulla
972 1403 1138 1493 pacisre-

98 1507 226 1574 stitutio
253 1506 499 1573 intercessisset.
554 1505 669 1596 anue
701 1501 882 1596 Dionysius
921 1528 992 1573 non
1026 1509 1138 1578 omnia

99 1609 239 1702 quidem
266 1610 455 1701 exscripsit,
489 1603 549 1674 sed
575 1608 758 1673 necessaria
793 1604 1002 1678 solummodo
1038 1612 1136 1682 baec:

98 1715 322 1800 Λυσιμαχίδης
341 1711 517 1800 Ἀχαρνείς.
551 1713 601 1778 ἐπί
627 1709 740 1787 codrot)
763 1709 807 1776 τὰ
832 1713 891 1795 μίν
911 1711 986 1800 ’ἔργα
1006 1715 1047 1783 τὰ
1067 1722 1138 1806 περὶ

98 1817 172 1896 τοὺς
193 1819 370 1895 νεωςοίκοος
396 1819 447 1883 καί
475 1815 534 1903 τήν
561 1814 755 1900 σκευοθήκην
786 1815 974 1897 ἀνεβάλοντο
1003 1819 1056 1886 dcci
1080 1821 1138 1889 τὸν

97 1922 234 2007 πόλεμον
259 1921 316 1988 τὸν
343 1919 423 2007 πρὸς
452 1923 617 2001 Φίλιππον,
646 1917 687 1984 τὰ
721 1920 755 1986 δὲ
777 1917 913 2006 χρήματ’
940 1924 1137 2012 ἐψηφίσαντο

97 2025 187 2093 πάντ’
208 2024 284 2093 εἶναι
306 2021 526 2111 στρατιωτικά,
550 2023 778 2110 Δημοσθένους
798 2022 989 2111 γράψαντος,
1034 2027 1135 2115 Haec,
1208 2065 1213 2076 =

99 2129 259 2221 quoniam
289 2129 441 2220 opinioni
473 2145 605 2196 nostrae
634 2127 677 2194 de
703 2136 786 2219 pace
816 2145 892 2196 ante
922 2129 1076 2224 Philippi
1098 2135 1138 2202 in

99 2231 275 2299 Graeciam
308 2233 562 2324 impressionem
603 2231 807 2324 compositae
836 2230 1046 2326 aliquatenus
1059 2235 1063 2245 '
1076 2237 1137 2306 ob-

84 2351 169 2403 'esse
190 2334 380 2418 videantur,
403 2337 588 2403 accuratius
612 2335 807 2403 excutienda
826 2353 920 2404 sunto
960 2339 1076 2430 Itaque
1097 2344 1137 2410 in

96 2441 149 2507 his
177 2439 374 2507 Philochori
397 2439 506 2506 verbis
529 2435 546 2506 ὃ
569 2439 703 2524 πόλεμος
725 2437 742 2504 ὃ
769 2437 849 2523 πρὸς
881 2441 1041 2509 Φίλιππον
1062 2444 1138 2512 bel.

91 2543 169 2611 lum
190 2541 363 2610 manifesto
380 2541 610 2635 Philippicum
629 2540 668 2608 id
690 2559 748 2624 est,
772 2541 863 2634 quod
874 2542 1137 2618 Atheniensibus

5 2719 6 2722 ,
93 2649 293 2716 imminebat
328 2671 391 2741 per
420 2646 572 2741 Philippi
603 2649 642 2714 in
676 2647 853 2713 Graeciam
871 2647 1137 2741 impressionem

97 2753 242 2846 Ol'ymp
262 2751 341 2834 CX,
372 2776 391 2818 a
420 2751 500 2817 inde
531 2775 550 2815 a
579 2774 692 2816 mense
715 2747 992 2843 Elaphebolione,
1016 2773 1054 2822 ut
1076 2756 1137 2826 do-
1226 2809 1229 2817 .

97 2877 176 2926 cent
203 2857 335 2950 reliqua
362 2854 559 2923 Philochori
594 2854 710 2924 verba·
747 2858 904 2922 Φιλίππου
935 2857 970 2923 δὲ
997 2869 1136 2931 καταλα-

94 2963 210 3046 βίντος
234 2961 391 3028 Ἐλάτειαν
422 2961 472 3025 καί
502 2943 665 3040 Κυτίνιον,
697 2961 748 3024 καὶ
777 2960 923 3045 πρέσβεις
951 2962 1137 3045 πέμψαντος

96 3066 141 3144 εἷς
165 3064 339 3151 Θήβας-
356 3064 534 3148 Ἀθηναίων
555 3064 589 3129 δὲ
616 3088 696 3129 κατα
723 3061 780 3126 τὸν
808 3062 904 3128 αυτὸν
921 3064 1038 3150 χρόνον
1058 3071 1136 3155 πρί-

97 3178 183 3254 σβεις
210 3167 458 3235 ἀποστειλάντων
483 3165 559 3243 τους
589 3168 673 3253 περί·
693 3166 898 3250 Δημοσθένη,
932 3205 976 3219 ·-
1013 3164 1163 3251 τοήτοες

96 3268 270 3358 συμμαχεῖν
282 3274 477 3361 ἐψηφίσαντο
497 3269 543 3360 [οἱ
560 3268 722 3360 Θηβαΐοι].
767 3267 880 3336 Elatea
898 3287 995 3362 capta
1011 3290 1059 3340 est
1071 3275 1134 3344 sub

98 3377 249 3444 medium
261 3373 557 3465 Scirophoriouem
573 3371 709 3464 Olymp.
728 3373 799 3454 CX,
814 3396 844 3439 n.
876 3374 1059 3444 Decretum
1071 3381 1136 3472 igi-

96 3498 152 3550 tm·
175 3480 410 3547 Demosthenis
436 3475 525 3544 illud
552 3473 658 3543 latum
687 3492 735 3542 est
764 3499 878 3544 mense
907 3478 1135 3573 Thargeiione

87 3581 208 3650 ¹adhuc
230 3601 380 3664 exeunte,
404 3603 471 3673 quo
495 3582 596 3648 etiam
627 3578 798 3648 decretum
820 3583 1075 3654 Demosthenes
1082 3605 1135 3656 tu

94 3685 136 3755 lit
158 3685 200 3754 de
222 3685 373 3753 creandis
395 3685 568 3752 moenium
588 3663 796 3753 curatoribus
819 3686 863 3776 (v.
887 3709 958 3777 cap.
981 3697 1054 3781 οιη.,)
1077 3710 1134 3762 aut

96 3791 212 3884 aliquo
236 3808 312 3858 aute
333 3808 500 3884 tempore,
515 3813 639 3882 nempe
659 3791 748 3856 iuter
768 3785 935 3869 inducias,
965 3813 1046 3882 quas
1067 3795 1134 3866 sibi

94 3921 115 3963 a
135 3893 297 3989 Philippo
320 3895 539 3963 Athenienses
563 3893 771 3986 expetierunt
784 3889 1048 3985 Elaphebolione
1062 3901 1135 3992 pri-

94 4023 192 4066 mum
221 3999 334 4081 XXV,
367 4017 437 4066 tum
470 3999 592 4063 iterum
615 3996 854 4088 Munychionis
876 3993 1002 4065 ultimo.
1046 4003 1135 4072 Turn

91 4103 202 4198 'igitur
229 4100 319 4171 bello
345 4103 544 4171 imminente
570 4101 718 4169 terrestri
745 4099 988 4172 Demosthenes
1020 4101 1135 4203 decre-
