2740 4774
531 311 688 422 *232-

93 483 328 553 'l'hehanorum
369 508 388 549 a
425 479 674 582 'Macedonibus
712 478 854 549 desectio
893 497 927 547 et
965 481 1130 568 interitus,

92 589 296 658 Athenarum
328 588 411 654 item
442 585 676 654 rebellantium
705 603 830 654 tremor
860 595 905 652 ac'
926 587 1130 678 periculum,

91 693 313 782 redintegrata
340 714 418 756 cum
443 689 630 756 Alexandro
659 693 743 784 pax',
772 688 921 780 denique
944 688 1130 761 Alexandri
1232 776 1235 782 ι
1323 692 1326 698 ’

2 857 5 867 ,
47 787 50 794 ’
79 799 127 870 ¹in
156 795 273 861 Asiam
306 795 537 884 transgressio,
571 793 719 884 inquieta
756 817 834 860 sane
868 791 906 858 ac
939 793 1131 864 turbulenta

93 918 259 990 tempora,
283 885 320 961 in
348 895 470 988 quibus
498 895 682 963 verisimile
705 891 763 977 est,
785 893 986 962 Aeschinem
1009 923 1047 967 ac
1062 901 1131 966 De-

92 999 551 1094 mosthenemlegationihns
579 1022 642 1091 pro
665 997 857 1092 republica
879 1001 1039 1093 susceptis
1060 1027 1130 1070 sae·

91 1109 165 1200 pius
203 1103 342 1171 Athenis
383 1101 535 1170 abfuisse.
602 1103 820 1170 Demostheni
857 1122 945 1168 certe
978 1106 1129 1186 novimus

91 1206 214 1276 Thebis
237 1207 355 1273 dirutis
384 1205 584 1298 legationem
611 1229 680 1272 esse
709 1206 753 1272 ad
782 1205 1010 1273 Alexandrum
1035 1235 1130 1276 man-

92 1313 227 1381 datam
253 1311 373 1378 Aesch.
396 1311 433 1377 in
458 1310 545 1377 Ctes.
568 1335 601 1401 p.
632 1307 683 1400 76.
716 1308 803 1378 Plut.
827 1310 999 1378 Demosth.
1023 1317 1127 1384 c'.·23.

92 1416 159 1484 Sed
187 1417 378 1508 gravissime
418 1413 597 1493 diuturnae
629 1412 719 1480 illius
747 1405 1002 1482 intermissionis
1032 1441 1129 1484 cansa

90 1523 126 1588 in
153 1522 258 1612 ipsius
292 1517 430 1586 actionis
461 1520 600 1585 materia
637 1535 671 1583 et
705 1516 898 1585 conditione
939 1521 1129 1612 quaerenda
1175 1527 1176 1532 ’

91 1623 237 1716 ridetur,
275 1623 358 1689 Erat
380 1621 470 1688 enim
487 1623 572 1689 actio
595 1617 728 1713 publica
741 1638 773 1688 et
795 1645 842 1702 ea,
865 1623 901 1687 in
924 1648 1129 1716 qua‚·quum

91 1726 274 1794 Aeschines
284 1725 333 1806 „in
354 1724 541 1792 universam
563 1725 799 1792 Demosthenis
820 1725 869 1792 rei
891 1724 1046 1818 publicae
1069 1755 1150 1830 ἱςιι-ἱ

78 1831 322 1898 ‚hernationem
344 1830 554 1895 accusatione
576 1853 634 1893 sua
657 1832 749 1895 esset
762 1831 924 1908 invectus,
953 1828 990 1896 id
1013 1835 1129 1924 ageba·
1165 1837 1188 1894 ff

93 1923 157 2017 tur,
178 1952 216 2001 ut
237 1953 395 2028 quaeres
417 1931 553 2024 publica
583 1931 736 2000 adversus
765 1933 967 2000 Macedones
990 1935 1129 2027 cepisset

92 2037 244 2119 consilia,
276 2060 382 2129 quum
399 2021 450 2102 'ea
480 2061 498 2101 a
528 2035 752 2103 Demosthene
784 2039 993 2132 potissimum
1022 2055 1130 2105 essent

91 2143 249 2238 profecta,
272 2158 330 2208 aut
350 2164 389 2208 eo
412 2140 566 2228 damnato
589 2141 711 2207 iniuria
733 2141 938 2222 notarentur,
961 2159 1017 2208 aut
1038 2166 1154 2221 eom-¹

91 2248 315 2339 probarentur
337 2244 496 2312 absoluto.
543 2242 631 2310 Illud
653 2269 753 2336 agens
768 2245 974 2312 adversarius
997 2269 1130 2313 causam

93 2371 133 2416 eo
156 2366 306 2442 tempore
333 2347 492 2415 insidiose
519 2347 683 2429 instituit,
717 2373 785 2442 quo
813 2349 1069 2440 Atheniensium
1098 2367 1131 2416 et

94 2468 245 2544 acceptas
267 2453 466 2520 calamitates
496 2449 760 2542 deplorantium,
792 2471 824 2530 et
854 2451 896 2518 de
925 2463 1008 2544 pace
1038 2455 1130 2544 turpi

91 2555 342 2646 indignaturum
359 2557 454 2642 ¹iram
488 2553 670 2646 odiumque
699 2557 737 2622 in
764 2557 1041 2638 Demosthenem,
1075 2580 1129 2623 re-

94 2661 300 2727 centissimae
337 2683 451 2726 rerum
481 2656 677 2726 miserabilis
716 2658 918 2728 conditionis
951 2676 1130 2742 auctorem,

91 2761 249 2830 facillime
278 2764 404 2831 moveri
433 2786 530 2855 posse
560 2762 723 2854 sperabat.
773 2765 819 2830 At
846 2765 883 2830 in
911 2765 976 2830 hoc
1003 2789 1132 2833 morem

91 2891 207 2960 gerere
227 2867 406 2936 adversarii
432 2865 682 2934 malevolentiae
703 2865 834 2934 vetah'at
855 2884 888 2932 et
910 2867 1047 2936 ambitio
1069 2867 1132 2961 pu-

92 2970 199 3052 blica,
230 2969 310 3038 lieet
338 2963 529 3038 infortuniis
557 2970 660 3039 fracta
667 2977 732 3050 ‚''et
754 2971 837 3036 iusta
859 2971 921 3036 viri
945 2969 987 3037 de
1009 2992 1046 3036 re
1067 2997 1133 3063 pu-

92 3067 336 3166 blicai‘egregie
357 3075 469 3140 meriti
493 3075 690 3154 aestimatio,
707 3081 808 3166 quae
831 3073 911 3164 ipsis
935 3074 1149 3152 calamitatis

92 3179 156 3246 hus
179 3202 391 3269 nequaquam
414 3176 582 3244 deminuta
605 3194 662 3257 est,
685 3177 771 3268 quin
793 3178 872 3243 ortis
894 3194 970 3268 post
989 3197 1131 3247 mortem

92 3281 249 3374 Philippi
278 3283 371 3350 novis
393 3281 538 3350 motibus
561 3280 643 3348 adeo
664 3297 828 3364 creverat,
858 3297 896 3348 ut
917 3305 1022 3373 quum
1042 3285 1141 3350 The-¹

92 3385 147 3453 bis
176 3384 294 3453 dirutis
333 3407 395 3479 pro
428 3409 511 3476 pace
550 3384 810 3476 Atheniensibus
845 3384 1058 3454 concedenda
1092 3387 1134 3453 ab

92 3489 285 3558 Alexandro
333 3501 562 3582 exposceretur
609 3487 723 3581 (quod
773 3488 846 3581 ipse
894 3488 1133 3559 Demosthenes

93 3595 204 3686 tangit
229 3593 271 3660 de
300 3617 366 3662 cor.
393 3619 427 3686 p.
451 3593 544 3683 239),
567 3591 714 3685 prodere
732 3615 807 3659 eum
831 3610 929 3684 turpe
951 3593 1134 3684 ingratum-

95 3699 269 3791 quesita
293 3699 423 3765 civitate
444 3696 639 3764 iudicatum.
663 3697 704 3762 V.
722 3696 842 3762 Aesch.
866 3699 902 3761 in
926 3696 1012 3762 Ctes.
1034 3722 1068 3789 p.
1092 3698 1136 3786 76

94 3818 180 3869 extr.
210 3799 350 3868 Diodor.
390 3800 498 3868 XVII.
540 3803 588 3868 15.
617 3798 706 3866 Plut.
730 3799 912 3865 'Demosth.
953 3801 1004 3868 23.
1032 3801 1135 3868 Phoc.

99 3928 152 3988 17.
176 3902 420 3990 incudo-Plus
432 3906 468 3970 in
482 3903 653 3971 Demosth.
668 3927 702 3993 p.
715 3901 780 3969 266
791 3901 842 3968 ed.
865 3902 906 3989 H.
953 3903 1036 3970 Item
1057 3929 1136 3973 vero

57 3995 59 4000 ¹
97 4008 269 4076 absolvere
297 4007 557 4074 Demosthenem
589 4004 844 4097 collaudareque
874 4007 1003 4073 vetabat
1029 4026 1136 4076 metus
1212 4089 1213 4093 Ἰ

97 4114 249 4206 primum
271 4110 426 4206 Philippi
448 4112 599 4196 victoris,
628 4127 698 4178 tum
729 4107 929 4197 Alexandri,
951 4114 1045 4182 cuius
1066 4137 1137 4182 ma-

767 4218 880 4308 19*
