2706 4782
741 307 763 370 tt

674 390 831 409 *ω

123 561 126 564 ῃ
229 480 335 572 gentis
368 473 741 548 delectationemhaud
778 473 927 569 paullum
968 461 1142 541 infirmant
1177 492 1282 568 atque

229 583 438 680 perturbant.
500 583 635 650 Etenim
666 583 769 648 oratio
802 581 846 646 de
867 603 991 646 corona
1021 580 1059 644 in
1090 577 1281 644 referendis

228 690 328 756 rebus
356 679 536 753 maximam
563 703 694 780 partem
725 685 951 765 consumitur,
992 707 1074 776 quas
1106 682 1205 749 factas
1238 706 1281 750 eo

228 811 379 884 tempore
403 807 548 871 constat,
582 792 677 865 cuius
701 807 733 858 et
755 813 907 857 mancam
938 812 1002 854 nec
1024 788 1101 853 satis
1124 804 1284 856 constan-

229 915 296 964 tem
328 895 595 988 exploratamque
628 895 790 962 habemus
831 889 1067 985 cognitionem.
1124 891 1281 958 Aetatem

228 1000 455 1092 philippicam
478 997 570 1079 dico,
594 1023 681 1091 quae
703 1023 745 1064 ex
767 999 952 1064 oratoribus
978 1019 1087 1090 prope
1114 995 1194 1084 ¹solis
1222 1020 1282 1062 ac-

228 1107 372 1172 curatius
389 1102 679 1194 abundantiusque
692 1103 847 1198 cognosci
861 1118 980 1194 potest.
1026 1101 1071 1166 Hi
1084 1123 1161 1167 vero
1179 1122 1283 1191 prae-

133 1252 140 1266 ·
186 1271 188 1276 ,
228 1226 280 1276 ter
302 1205 478 1300 quadres,
502 1223 540 1271 ut
562 1231 601 1272 ex
622 1210 749 1310 recenti
778 1205 989 1272 audientibus
1018 1223 1051 1272 et
1082 1204 1170 1270 bene
1198 1223 1282 1272 nota

144 1345 148 1352 ²
229 1313 327 1405 copia
348 1312 478 1404 petitas,
502 1311 632 1377 iaciunt
652 1313 776 1402 potius,
801 1335 902 1405 quam
923 1310 1102 1403 perspicue
1127 1329 1279 1393 narrant,

228 1417 306 1484 satis
330 1418 430 1482 etiam
451 1432 570 1482 notum
592 1422 659 1497 est,
683 1439 782 1506 quam
804 1415 997 1507 frequenter
1018 1439 1038 1478 a
1058 1413 1196 1480 veritate
1218 1413 1280 1480 de-

229 1520 368 1600 clinent,
390 1541 513 1610 resque
535 1541 593 1584 seu
615 1521 773 1620 qrationis
797 1521 936 1612 impetu,
959 1542 1018 1584 seu
1036 1517 1158 1584 irritati
1171 1518 1286 1584 animi,

227 1625 357 1692 fervore
379 1640 512 1715 praeter
533 1647 645 1690 veram
668 1622 897 1689 conditionem
928 1640 1135 1716 exaggeratas
1158 1623 1276 1688 obscu-

182 1725 186 1744 ⁸
225 1747 352 1797 ratasve
377 1727 532 1795 referant.
588 1725 685 1795 Unde
717 1723 842 1793 nimiae
872 1751 989 1792 rerum
1019 1744 1052 1793 et
1085 1743 1271 1820 temporum

119 1874 140 1891 -,
226 1848 298 1897 non
320 1831 421 1901 modo
445 1833 808 1913 obscuritates-verum
832 1832 932 1897 etiam
945 1829 1186 1924 discrepantiae
1208 1829 1275 1897 ori-

226 1937 341 2025 ginem
372 1937 525 2028 capiunt,
559 1958 648 2028 quae
680 1957 758 2000 cum
788 1933 996 2002 intellectum
1029 1937 1140 2029 operis
1171 1933 1277 2002 veluti

226 2038 326 2107 nodis
350 2056 383 2106 et
403 2038 547 2130 pessulis
567 2034 801 2133 praecludere,
826 2057 896 2105 tum
917 2038 1005 2106 male
1028 2037 1201 2134 expeditae
1221 2039 1278 2106 hi-

182 2193 186 2196 -
226 2145 365 2210 storiam
386 2143 495 2235 ipsam
516 2145 713 2212 commentis
740 2142 909 2210 cumulare
938 2146 1206 2238 perturbateque
1227 2144 1278 2212 ia-

226 2245 291 2312 cile
313 2262 476 2338 possunt·
508 2253 590 2314 Istae
612 2272 690 2315 vero
714 2245 933 2330 difficultates,
956 2249 1013 2316 hic
1031 2249 1100 2316 illic
1120 2273 1184 2343 per
1206 2250 1277 2316 sin-

225 2349 318 2443 gulas
356 2351 591 2441 Demosthenis
628 2353 840 2446 aliorumque
871 2355 1037 2421 orationes
1079 2353 1160 2420 aliae
1200 2353 1275 2422 aliis

224 2479 374 2548 sparsae,
397 2457 501 2525 veluti
524 2479 592 2526 uno
615 2473 723 2526 tractu
749 2459 786 2524 in
816 2481 889 2524 eam
918 2477 1116 2542 recurrunt,
1145 2459 1183 2524 in
1208 2483 1275 2551 qua

224 2564 325 2629 totius
353 2562 565 2654 Philippicae
593 2564 706 2629 aetatis
734 2563 880 2653 spatium
909 2581 1116 2654 peragratur.
1167 2565 1274 2630 Acce-

225 2663 311 2730 dunt
347 2665 384 2728 in
418 2666 569 2731 oratioue
608 2665 652 2730 de
682 2687 805 2732 corona
843 2665 975 2733 decreta
1005 2667 1066 2734 illa
1095 2685 1268 2759 ceteraque

189 2765 191 2774 '
223 2767 362 2860 publica
390 2783 622 2842 monumenta,
661 2757 761 2858 quae'
776 2771 955 2861 copiosiori
983 2772 1021 2838 in
1055 2795 1093 2838 ea
1118 2794 1270 2853 numero,

142 2903 146 2914 ’
224 2895 328 2963 quam
355 2871 393 2935 in
426 2872 543 2962 quavis
567 2869 630 2935 alia
660 2873 886 2963 reperiuntur.
931 2876 980 2942 Ea
1012 2878 1138 2943 etenim
1164 2900 1273 2968 quum

221 2997 285 3068 per
307 2999 341 3041 se
364 2973 553 3044 firmissima
574 2999 691 3042 rerum
711 2975 971 3072 temporumque
990 2982 1177 3048 testimonia
1200 3003 1272 3048 esse

220 3096 376 3172 possent,
400 3079 459 3147 tali
483 3097 592 3146 tamen
614 3097 693 3146 sunt
714 3080 926 3165 conditione,
950 3101 989 3150 ut
1009 3099 1043 3151 et
1065 3111 1084 3166 a
1106 3087 1274 3153 constanti

221 3201 389 3252 oratorum
418 3184 659 3276 scriptorumve
684 3186 848 3254 relatione
869 3211 969 3281 saepe
995 3211 1133 3282 prorsus
1160 3188 1273 3257 disce-

221 3289 319 3370 dant,
353 3288 485 3382 aliaque
507 3287 613 3356 multa
638 3308 676 3356 et
696 3291 782 3356 mira
806 3293 1017 3375 contineant,
1042 3319 1185 3387 quarum
1211 3289 1273 3362 ex-

218 3391 437 3486 plicationem
459 3392 688 3478 sollertissima
710 3396 839 3486 ingenii
870 3397 1025 3490 sagacitas
1055 3395 1110 3466 'vix
1139 3419 1272 3467 assecu··¹

219 3515 293 3563 tura
315 3515 367 3564 stt.

304 3708 365 3773 His
389 3707 492 3797 igitur
514 3705 617 3774 veluti
638 3708 794 3800 vepribus
816 3729 909 3804 septa
938 3731 986 3780 est
1014 3714 1119 3782 oratio
1143 3713 1185 3778 de
1208 3735 1271 3778 oo-

217 3831 317 3889 rona,
359 3833 445 3902 quae
482 3808 645 3903 quantum
681 3810 863 3882 dilucidam
901 3819 971 3882 eius
1008 3817 1270 3909 intelligentiam

214 3911 445 4003 praepediant,
470 3917 571 3981 sensit
593 3914 684 3982 haud
701 3915 803 3986 dubie
819 3920 983 3986 lectorum
1006 3925 1034 3989 is
1058 3925 1176 4002 etiam,
1200 3924 1267 4013 qui

213 4015 411 4108 perlustrata
434 4017 596 4086 modain
619 4024 844 4090 recentiorum
874 4026 1027 4092 subsidiis
1051 4027 1267 4120 Philippicae
