2706 4782
506 261 551 331 29

449 351 607 372 w

40 459 85 522 cst,
112 438 148 506 cf.
175 436 215 502 D.
244 432 436 502 Ruhnkeuii
466 431 541 498 hist
570 429 643 498 crit.
673 445 795 498 orator.
831 428 890 498 Gr.
904 473 907 482 ·
921 451 956 524 p.
992 431 1051 520 tio

43 543 93 612 tot.
113 541 191 624 VJII
212 539 264 606 ed.
296 537 406 605 Reish.
438 559 504 603 orr.
529 531 589 602 Gr.
634 533 802 602 Eximiam
828 535 898 602 eius
923 539 1053 606 'orado-

43 673 97 714 nem
123 644 180 710 illa
206 643 377 710 occasione
398 639 546 708 habitam
567 639 831 729 Demosthenem
860 639 971 716 adhuc
998 644 1052 708 iu-

42 773 129 818 venem
166 746 209 814 ad
237 746 491 816 admirationem
522 741 844 836 aemulationemque
887 746 1050 838 rapuisse,

42 856 103 920 aa
123 831 170 918 ..ι’
190 848 276 920 cau.
300 849 361 933 111,
381 852 439 931 ae,
460 848 626 916 ammom
648 846 800 916 Macen
824 847 944 931 xxx,
966 848 990 936 t
1018 867 1052 920 a
1122 885 1125 891 -

44 957 103 1024 Plut.
120 958 153 1022 in
180 957 236 1023 vit.
253 953 436 1024 1Demosth.
464 975 493 1020 c.
526 953 562 1035 5,
590 951 652 1044 qui
679 969 793 1020 tamen
818 953 857 1020 in
883 974 930 1022 eo⁴
951 973 1051 1037 errat,

45 1061 107 1154 quod
130 1059 388 1128 Demosthenem
422 1079 569 1150 puerum
603 1053 713 1124 adhuc
741 1083 761 1124 a
789 1053 982 1154 paedagogo
1010 1061 1050 1128 iu

45 1167 203 1233 concionem
237 1160 419 1230 adductum
460 1159 555 1228 dicit.
603 1159 848 1230 Demosthenes
887 1164 979 1230 enim
1007 1187 1048 1233 eo

46 1285 156 1362 tenpore
178 1289 303 1334 aunum
324 1269 393 1335 iam
424 1263 729 1336 duodevicesimum
756 1265 892 1358 agebat,
920 1269 1051 1362 siqui.

47 1371 96 1438 den
117 1372 269 1440 archonte
297 1369 472 1464 Polyzelo,
511 1367 551 1438 id
577 1386 628 1438 est
658 1369 799 1463 Olymp.
828 1369 928 1455 CIII,
960 1373 979 1442 3
1011 1376 1049 1443 in
1145 1408 1152 1418 ·

48 1475 221 1566 Epheborum
243 1499 425 1544 numerum
445 1471 587 1543 relatum
607 1497 643 1542 se
656 1497 725 1542 esse
746 1475 820 1568 ipse
837 1473 978 1546 affirmat
999 1499 1048 1548 or.

51 1604 66 1644 c.
80 1581 195 1648 Onetor.
218 1580 291 1673 lp.
315 1580 389 1648 868.

103 1683 281 1778 Iniquiaais
303 1685 404 1752 huius
417 1683 658 1758 Thebanorum
673 1682 832 1775 frequens
848 1685 891 1752 ab
907 1689 1048 1756 oratori.
1159 1727 1161 1734 .

56 1785 125 1856 husee
138 1790 308 1883 inprimis
324 1813 344 1856 a
356 1787 582 1858 Demosthene
595 1787 723 1855 mentio
736 1787 785 1856 fit.
823 1785 909 1858 Inde
924 1791 966 1859 ab
981 1791 1048 1861 hoc

58 1891 107 1957 erin
120 1910 267 1987 tempore
290 1893 428 1987 Oropus
458 1894 497 1961 in
518 1891 760 1981 Thebanorum
786 1909 947 1986 potestate
968 1921 1049 1990 per·

53 1999 141 2080 anit,
168 1998 319 2092 quamvis
348 1998 572 2068 Athenienses
605 1997 645 2064 in
674 1995 854 2068 Thebanos
887 2002 1068 2070 acerrime¹
1133 2073 1136 2080 ,

52 2120 87 2186 per
106 2119 198 2170 totum
226 2101 354 2170 deinde
386 2119 519 2197 tempus
549 2101 737 2188 exacerbati
769 2102 920 2194 qualibet
952 2129 1048 2174 occa-

53 2203 110 2270 sione
129 2231 323 2302 meuperare
352 2207 472 2276 urbem
500 2223 713 2277 conarentur.
771 2205 823 2274 Gs.
851 2208 949 2276 Dem.
983 2233 1066 2303 pro¹

53 2306 202 2403 Megalopol.
223 2337 262 2407 p.
285 2314 360 2395 203,
384 2312 426 2379 de
447 2336 531 2407 pace
552 2338 587 2407 p.
608 2311 663 2396 60,
685 2306 723 2379 6ι
735 2360 745 2393 ,
767 2311 828 2393 63,
850 2339 884 2380 π.
906 2339 1045 2403 παραπρ.
1148 2385 1150 2390 ,

52 2431 72 2498 p·
87 2413 138 2497 348,
155 2415 227 2508 409.
273 2418 353 2486 Post
374 2414 504 2488 cladem
525 2416 663 2484 demum
680 2414 952 2486 Chaeronensem
967 2417 1048 2486 Phi-

53 2509 129 2604 lippu
142 2544 217 2614 pace
238 2519 327 2588 faeta
348 2519 610 2590 Atheniensibus
639 2519 879 2614 gratificaturus
902 2536 935 2589 et
955 2521 1049 2588 The-⁴

53 2611 113 2685 huis
128 2626 233 2694 acriter
256 2623 407 2696 infensus
434 2625 555 2692 urbem
585 2624 640 2691 his
668 2637 819 2714 ereptam
838 2621 909 2692 illis
930 2623 1045 2694 reddi-

52 2715 87 2784 dit.
118 2725 368 2816 Pausan.1,34.
412 2726 676 2822 Ulp.ad1)em.
699 2725 830 2804 decor.
853 2725 876 2796 l.
900 2751 929 2798 o.

50 2964 68 3029 7·
87 2959 324 3044 “emotionem
355 2957 506 3046 Θηβαίων
539 2955 599 3046 τὴν
627 2955 766 3042 Εὔβοιαν
793 2953 831 3022 οὗ
865 2956 1039 3044 περιείδετε,

74 3050 121 3120 ἄλλ’
140 3057 331 3150 ἐβοηθήσατε
351 3067 402 3131 καὶ
423 3060 556 3142 τούτοις.

435 3167 518 3225 Olynp.
531 3167 609 3232 (ΞΜ.

102 3245 178 3318 Haeo
197 3253 457 3324 Atheniensium
487 3253 656 3350 expeditio
684 3252 838 3321 adversus
860 3253 1042 3324 Thebanos

51 3339 69 3407 io
83 3346 231 3426 Euboeam
251 3377 403 3453 suscepta
425 3377 540 3428 octavo
563 3381 651 3427 anno
668 3357 789 3427 accidit
803 3364 880 3451 post
893 3377 1043 3452 ereptam

52 3450 210 3530 aThebanis
233 3463 407 3556 Oropum,
437 3465 558 3557 quinto
583 3479 661 3557 post
680 3487 830 3557 pugnam
852 3463 895 3530 ad
917 3465 1045 3532 Manai-

54 3569 109 3626 tam
127 3569 337 3635 commissam.
387 3567 467 3635 Post
494 3591 568 3636 eam
593 3591 743 3662 pugnam
772 3566 894 3636 Graeci
920 3591 1042 3662 perpe-

54 3656 89 3720 tuis
103 3673 307 3740 certaminum
336 3669 507 3740 laboribus
538 3669 657 3738 defessi
685 3695 865 3740 commune
893 3667 1041 3764 pacisct
1085 3711 1088 3720 v

40 3777 173 3904 'tenorum
192 3777 352 3844 societatis
373 3775 491 3844 ioedus
514 3761 664 3842 inierunt
689 3774 849 3870 (Olymp
880 3776 969 3856 CIV,
994 3778 1040 3868 2),

40 3855 264 3947 desecantibus·
286 3897 399 3948 tamen
423 3877 711 3971 Lacedaemoniis,
733 3882 795 3973 qui
825 3880 868 3948 ob
894 3878 1042 3950 inclusos
1167 3955 1169 3960 χ

50 3958 133 4042 studeri
153 3979 344 4068 Messenios,
374 3985 417 4055 ab
438 3982 675 4078 Epaminonda
702 3983 817 4078 paullo
846 4001 925 4056 aute
940 3980 1042 4056 resti·
1111 4066 1113 4078 ,
1199 4007 1201 4016 ’

51 4077 110 4156 tutos,
135 4083 332 4156 subscribere
359 4091 454 4182 pacis
477 4086 684 4158 conditiones
714 4086 884 4158 uolebant.
935 4091 1053 4160 Diodv
