2706 4782
551 307 597 386 6⁷

51 477 129 549 Vol.
163 473 227 550 XII
264 473 317 547 ed
356 479 401 546 ll.
426 481 432 488 '
456 478 508 546 cf.
537 479 846 554 Aesch'in'Ctes.
873 503 909 575 p.
938 479 984 574 76
1010 482 1101 552 med.
1233 471 1260 486 “

53 581 212 651 Eundem
233 583 384 684 denique
405 581 642 667 subsidiorum,
664 585 985 680 quaePhccensium
1006 588 1102 655 anxi-

53 688 100 756 lio
123 688 169 756 ab
188 688 450 756 Atheniensibus
470 689 571 757 missa
592 691 679 770 sint,
700 686 823 757 ducem
842 706 939 758 vocat
958 689 1101 759 Dicdcr.

56 793 147 874 XVI,
170 793 225 882 37,
249 791 388 886 Olymp.
405 793 516 876 GVH,
543 817 571 861 t.
587 829 629 846 ·-·
646 792 841 862 Charidemi
855 816 980 863 nomen
1001 795 1103 862 etiam

62 897 209 965 crebrius
236 919 316 964 oum
344 899 383 962 in
415 896 651 966 Demosthenis
671 897 758 980 vita,
788 913 862 965 tum
888 898 927 965 in
947 899 1103 966 universa

64 998 192 1068 illorum
213 1017 405 1094 temporum
425 999 562 1070 historia
582 1012 797 1070 memoratur.
842 999 885 1068 ln
907 1026 975 1097 quc
988 1020 1103 1071 tamen
1147 1021 1152 1030 ·

62 1102 266 1172 monendum
290 1103 441 1198 primum
470 1120 536 1188 est,
567 1129 613 1172 ne
642 1103 865 1174 Charidemus
884 1105 932 1189 is,
964 1104 1009 1174 de
1034 1131 1103 1200 quo

61 1207 201 1276 alterum
223 1206 397 1277 decretum
423 1210 513 1301 agit,
545 1207 771 1279 confundatur
797 1233 876 1278 cnm
898 1208 1103 1282 Charidemo

63 1313 170 1394 Orita,
200 1309 348 1382 militum
383 1316 671 1384 mercenariorum
702 1315 740 1382 in
767 1312 974 1382 Chersoneso
1006 1312 1105 1398 duce,

62 1418 316 1514 qnem·ciritate
337 1415 381 1484 ab
400 1419 663 1486 Atheniensibus
683 1416 846 1488 donatum
861 1419 1105 1489 Demosthenes

62 1521 280 1588 acerbissimis
302 1522 461 1590 conviciis
482 1539 676 1615 persecutus
706 1540 756 1591 est
788 1524 937 1593 oratione
966 1524 1004 1593 in
1025 1525 1106 1608 Ari·

63 1641 233 1693 stocratem
248 1624 415 1720 (Olymp.
447 1626 563 1710 CVII,
600 1649 611 1694 t
644 1624 832 1695 secundnm
857 1629 1000 1722 Dionys.
1028 1627 1128 1696 Hal..

66 1754 107 1821 ep.
131 1729 177 1796 ad
199 1731 311 1820 Amm.
332 1731 363 1822 5.
384 1731 433 1821 4),
457 1733 586 1825 qnippe
614 1728 707 1825 quod
734 1729 917 1800 multorum
937 1730 1106 1801 malornm

71 1853 175 1901 auctor
197 1832 266 1901 illis
288 1837 325 1902 in
345 1835 537 1928 regionibus
557 1833 685 1930 populo
698 1833 899 1904 Atheniensi
917 1837 1104 1906 exstitisset.

67 1936 153 2007 lecit
169 1938 238 2006 hoc
251 1937 377 2008 Scliott.
393 1942 431 2008 in
444 1939 519 2008 vitis
529 1937 695 2034 parallel,
707 1956 742 2009 et
753 1939 876 2010 lacobs.
891 1941 930 2008 in
944 1939 1105 2010 adnotatt.

68 2039 103 2107 ad
125 2045 316 2112 versionem
347 2044 561 2114 vernaculam
589 2045 689 2113 Dem.
717 2067 786 2114 orr.
813 2041 908 2140 publ.
948 2041 1015 2132 (ad.
1054 2067 1105 2117 or.

70 2145 204 2239 Olynth.
229 2143 289 2215 Ill.
311 2173 346 2241 p.
369 2151 437 2240 29).
483 2147 703 2217 Charidemus
731 2147 790 2216 hic
817 2165 932 2216 noster
961 2150 1016 2218 vir
1041 2150 1107 2218 fuit

70 2269 227 2342 spectatae
248 2255 338 2320 inter
350 2252 575 2338 Athenienses,
591 2253 736 2336 vinctis,
758 2254 818 2345 qni
839 2251 1035 2345 perfunctus
1058 2270 1108 2324 est

70 2357 169 2446 prima
201 2354 245 2424 ad
275 2354 472 2450 Philippum
505 2354 672 2450 legatione
710 2355 756 2425 dc
789 2356 875 2424 urhe
906 2356 1107 2450 Amphipoli

76 2457 202 2554 Olymp.
218 2460 290 2543 CV,
313 2463 345 2545 3,
368 2460 591 2554 Theopompo
609 2477 691 2529 teste
703 2457 796 2552 apud
807 2457 903 2528 Suid.
918 2483 949 2526 v.
971 2463 1106 2530 alietas.

78 2560 162 2630 Idem
177 2589 262 2631 num
283 2563 386 2636 suerit
407 2563 629 2633 Charidemus
650 2563 695 2647 is,
717 2586 821 2657 quem
843 2561 983 2658 Olymp.
1004 2564 1109 2632 nimi-

72 2688 138 2736 rum
161 2667 318 2753 cv11,.2
346 2667 463 2738 decem
491 2667 698 2738 navibusiu
731 2667 980 2738 Chersonesum
999 2670 1109 2738 missis

70 2791 252 2863 praetorem
272 2775 470 2867 praefecisse
490 2773 711 2849 Athenienses
732 2771 975 2843 Demosthenes
1005 2773 1110 2844 refert

72 2876 125 2966 (or.
150 2877 293 2971 Olynth.
317 2877 385 2962 Ill,
418 2903 453 2972 p.
477 2880 554 2970 29),
581 2895 683 2972 atque
712 2878 819 2972 copiis
848 2877 1110 2949 Atheniensium

70 2980 103 3046 ln
122 2981 341 3076 Hellesponto
369 2983 573 3077 praelectus,
603 3005 707 3077 quem
726 2981 948 3050 Athenienses
975 2981 1110 3050 Chalci-

44 3139 47 3148 .
71 3081 148 3155 dicis
171 3088 310 3154 urbibus
326 3087 465 3182 Olymp.
480 3087 589 3172 CVII,
610 3086 634 3174 4
655 3109 676 3154 a
693 3081 851 3180 Philippo
871 3085 996 3180 pressis
1016 3087 1110 3154 auri-s

71 3185 112 3258 lio
132 3192 263 3259 misisse
284 3190 505 3261 Philochorus
526 3205 641 3259 narrat
661 3187 752 3284 apud
772 3190 914 3284 Dionys.
936 3187 960 3258 l.
983 3214 1012 3260 e.
1030 3213 1059 3259 c.
1074 3214 1109 3282 9,

72 3309 101 3360 et
135 3298 200 3390 qui
230 3297 269 3362 in
306 3291 428 3364 iisdem
463 3295 656 3388 regionibus
693 3310 838 3363 versatus
872 3292 1006 3363 videtur
1039 3319 1112 3364 esse

73 3397 207 3496 Olymp.
222 3399 311 3482 CXI,
330 3424 358 3482 t,
376 3424 483 3493 quum
497 3397 674 3494 Philippus
686 3395 838 3470 mortem‘
845 3399 962 3468 obibat
974 3399 1111 3488 (Aeseh.
1124 3429 1131 3443 ·

72 3503 104 3568 in
126 3505 216 3572 Ctes.
239 3530 273 3597 p.
295 3503 340 3591 64
360 3505 406 3589 l),
428 3504 517 3572 infra
536 3503 734 3572 ridebimus.
779 3502 986 3573 Charidemo
1005 3504 1113 3575 Athe-a

76 3608 176 3676 riensi
198 3626 274 3702 post
294 3631 442 3703 pugnam
465 3605 735 3676 Chaeronensem
762 3608 800 3675 in
828 3625 976 3677 oxuemc
998 3609 1112 3677 civita..

77 3709 109 3777 tis
139 3707 335 3779 discrimine
363 3736 527 3782 noverum
557 3737 672 3780 rerum
707 3710 824 3806 cupidi
852 3735 1017 3780 summam
1043 3714 1114 3783 rei..

74 3816 224 3904 publicae
246 3813 564 3912 administrationem
577 3814 762 3883 tradebant.
784 3815 872 3884 olus
887 3815 989 3884 Phoc.
1012 3839 1041 3884 c.
1063 3817 1113 3890 16.

74 3917 226 3986 Eundem
248 3920 396 4014 deniqne
422 3919 615 3989 Alexander
637 3919 765 3989 Thebis
792 3920 913 3988 dirutis
943 3943 1007 4016 pro
1029 3945 1114 4016 pace
1206 3965 1209 3980 ·

75 4021 329 4092 Atheniensibus
351 4021 645 4093 concedendauna
660 4049 738 4092 cnm
749 4023 935 4116 Hyperide,
958 4025 1115 4120 Lycurgo

78 4141 107 4190 et
117 4149 170 4206 ser
181 4120 255 4199 aliis
267 4128 313 4196 ad·
322 4129 531 4224 supplicium
544 4129 748 4224 expoposcit
770 4127 926 4206 Plutait·
940 4125 1115 4210 Demosth·
