2694 4784
527 269 570 338 81

27 437 177 532 spatium
196 437 315 506 urbem
337 438 461 508 reversi
481 457 571 508 sunt.
615 438 713 506 Dent.
734 438 757 504 l.
780 463 809 506 c.
831 464 867 531 p.
890 441 964 530 359.
1009 443 1074 508 Hie

27 539 272 612 Demosthenes
301 541 505 611 Aeschinem
538 559 571 610 et
593 539 819 612 Philocratem
838 543 1075 629 Athenienses,

29 643 248 739 lePhilippi
275 644 319 712 ad
341 643 586 739 Thermopylas
614 646 758 716 adventu
786 644 956 730 sollicitos,
987 648 1075 717 male

28 752 225 818 renunciata
246 747 412 841 legatione
436 765 468 818 et
495 751 586 818 ranis
614 752 787 843 promissis
818 749 986 846 decepisse
1009 755 1076 822 eri-

31 857 183 921 minatur.
231 852 430 948 Philippum
461 856 553 922 enim
582 853 713 922 dicebat
739 853 921 922 Aeschines
954 855 1073 924 talibus

37 957 173 1026 consiliis
203 959 272 1039 nti,
300 983 386 1051 quae
407 983 528 1050 magna
556 957 764 1052 reipublicae
792 959 968 1028 commoda
996 985 1074 1030 mox

34 1063 133 1130 forent
163 1059 314 1130 allatura.
365 1062 445 1131 Non
475 1061 518 1128 ad
540 1063 765 1132 Phocensinm
794 1065 887 1130 enim
909 1065 1075 1134 excidium

32 1167 229 1260 Philippum
249 1167 381 1248 venire,
411 1165 472 1234 sed
501 1163 543 1232 ati
565 1165 767 1237 coercendos
789 1167 979 1238 Thebanos.
1022 1169 1073 1236 Ne

34 1273 128 1364 igitur
153 1295 234 1338 eum
256 1269 357 1364 Pylas
380 1294 458 1337 eum
480 1273 580 1338 armis
602 1273 796 1366 ingressum.
811 1275 904 1340 anxie
932 1273 1072 1359 ferreum

34 1379 189 1446 connnuo
213 1376 305 1442 enim
325 1376 497 1444 Boeotiam
519 1374 791 1444 aThebanorum
813 1379 968 1444 servitute
988 1376 1092 1468 libe--

35 1498 140 1562 ratam,
165 1479 331 1571 Thespias
359 1478 574 1572 Plataeasque
602 1482 769 1549 restitutas
796 1481 993 1548 nunciatum
1013 1483 1072 1565 iri3

39 1584 179 1677 deniqne
209 1583 366 1676 Oropum
394 1581 607 1650 redditurum
638 1585 686 1680 eis
707 1584 906 1679 Philippum
935 1608 1003 1654 esse
1025 1584 1073 1652 af-

40 1689 193 1756 firmabat.
239 1689 323 1756 istae
351 1690 444 1756 enim
470 1707 563 1756 erant
584 1687 1072 1789 causaeodiihtheniensium

45 1794 274 1860 irThcbanos.
326 1791 566 1860 Demosthenes
598 1817 677 1862 vero
710 1816 816 1886 mum
849 1795 1070 1874 assurrexerit,

45 1914 224 1966 etmonere
243 1895 412 1990 populum
433 1915 569 1966 conatus
592 1899 649 1980 sit,
680 1919 724 1964 ne
753 1895 845 1965 ranis
872 1921 906 1964 se
928 1898 1073 1991 promis·

42 2003 75 2068 sis
94 2002 210 2096 decipi
238 2004 377 2084 sineret,
412 2003 580 2071 invectum
609 2003 646 2072 in
680 2025 715 2070 se
736 2000 961 2070 Philocratem
982 2017 1071 2069 muta

43 2109 184 2198 superbia
209 2106 411 2190 amarciem,
433 2123 472 2174 ut
492 2108 564 2201 ipse
597 2109 667 2176 iam
689 2104 838 2201 explosus
860 2107 1071 2176 conticuerit.

42 2209 78 2275 V.
105 2213 202 2280 Dem.
233 2240 267 2280 π.
295 2236 434 2301 παραπρ.
465 2236 500 2305 p.
524 2212 589 2298 346
611 2237 685 2306 sqq.
708 2251 749 2264 -
777 2236 812 2306 p.
836 2213 909 2281 353.
939 2234 973 2301 p.
995 2211 1070 2280 355.

46 2310 89 2380 Gi.
107 2341 152 2384 or.
177 2316 221 2384 de
242 2339 326 2409 pace
347 2342 381 2409 p.
406 2321 457 2408 59.
501 2313 588 2383 Phil
612 2316 713 2411 11‚-p.
735 2339 778 2408 72
800 2317 890 2409 Ψ)

120 2420 169 2486 ita
186 2444 266 2488 vero
288 2419 462 2490 iallacibus
492 2418 678 2514 legatorum
705 2421 877 2514 promissis
906 2419 1072 2510 intempe-

57 2521 124 2588 stive
143 2525 281 2592 confisus
301 2524 447 2617 populus
477 2545 546 2592 nou
569 2524 679 2592 solum
703 2525 746 2593 ad
767 2522 915 2616 Philippi
938 2522 1073 2614 incepta

53 2627 183 2714 quietum
204 2653 276 2696 sese
297 2630 444 2711 tenebat,
467 2628 526 2696 sed
548 2627 720 2697 decretum
748 2630 849 2696 etiam
875 2623 1071 2693 Philocratis

49 2746 141 2798 ratum
164 2759 231 2802 esse
252 2735 363 2814 iussit,
393 2735 431 2800 in
453 2757 520 2828 quo
542 2737 694 2828 primum
713 2757 780 2828 pax
800 2730 902 2800 modo
925 2730 1008 2798 inita
1030 2726 1073 2794 ad
1161 2795 1164 2800 .

48 2854 181 2923 posteros
203 2861 309 2930 usqne
332 2856 461 2906 extensa
483 2857 541 2920 est,
565 2835 688 2906 deinde
710 2859 795 2930 quae
817 2833 995 2928 Philippus
1018 2858 1075 2926 aga·

50 2961 161 3027 gressus
192 2961 294 3025 esset,
334 2939 466 3010 laudate
493 2943 792 3035 comprobataque,
820 2939 968 3030 denique
990 2938 1073 3004 haec

51 3064 160 3114 ornata
182 3065 272 3114 sunt:
302 3046 356 3114 tta
376 3045 420 3132 μὴ
448 3053 559 3114 ποιῶσι
584 3051 702 3122 Φωκεῖς
728 3043 830 3124 eost,
860 3045 911 3108 καὶ
937 3045 1075 3131 παραδι-

25 3174 28 3195 ι
51 3147 111 3215 δῶσι
130 3163 197 3229 τοῖς
219 3150 420 3241 hipporicae
447 3151 484 3218 τὸ
507 3150 605 3238 iahia,
637 3149 686 3216 litt
706 3148 862 3234 βοηθήσει
890 3143 907 3212 ti
934 3139 1073 3232 ospaci

25 3208 29 3318 i

51 3322 345 3347 w

118 3453 249 3516 ciliaudis
269 3453 438 3524 Halensium
459 3467 488 3514 et
509 3451 719 3514 Pharsaliorum
746 3435 899 3512 inimicitiis
927 3447 1074 3510 adiutores·

119 3546 223 3603 essem.
263 3535 349 3602 Dan.
370 3541 391 3602 l.
412 3561 438 3604 e.
481 3561 513 3624 p.
537 3540 609 3601 352.
660 3611 662 3624 Ι

25 3667 26 3702 ³
85 3653 226 3739 'ihesch
256 3685 290 3726 π.
318 3682 457 3745 stupeno·
486 3683 517 3746 p.
539 3653 583 3740 rii
616 3663 654 3722 in.
684 3661 864 3722 renunciasse
897 3675 929 3720 se
961 3655 1074 3739 populo

122 3749 223 3810 eadem
245 3750 324 3828 dicit,
346 3771 422 3832 qnae
444 3752 473 3808 in
495 3747 667 3810 Macedonia
688 3746 726 3806 ad
746 3745 915 3828 Philippum
944 3765 1077 3826 pronun-

122 3838 235 3898 ciasset:
258 3858 386 3922 aequum
407 3857 511 3918 nempe
532 3834 589 3896 sihi
618 3831 725 3911 videri,
753 3849 787 3894 ut
814 3829 933 3892 Thebae
954 3831 1083 3914 Boeotia„

123 3938 226 4000 essent,
246 3946 305 3984 non
326 3925 446 3984 Boeotia
474 3921 594 3982 Thebae
616 3953 660 3971 -...
682 3941 802 4004 prorsus
823 3921 927 3980 leuiter
960 3932 989 3979 et
1016 3919 1077 3978 ele·'
1132 3965 1134 3970 .

123 4025 236 4091 gentem
258 4009 312 4070 sed
333 4031 370 4072 ea
392 4012 457 4092 ipso
478 4009 681 4070 Demosthenis
702 4007 925 4068 criminationem
946 4005 1076 4090 apprime

125 4091 279 4158 confirmat
576 4169 580 4178 Δ
701 4181 725 4262 ὃ
790 4147 794 4154 ,
