2694 4784
510 262 553 331 81

45 429 159 522 parium
179 431 298 500 urbem
319 431 444 501 reuersi
464 450 553 502 sunt.
598 431 695 498 Dem.
716 429 739 496 1.
762 454 791 498 c.
812 455 849 524 p.
872 432 946 522 359.
992 436 1057 501 Hic

47 531 255 604 Demosthenes
283 535 488 604 Aeschinem
521 553 555 604 et
576 532 801 604 Philocratem
820 535 1057 620 Athenienses,

48 637 230 732 lePhilippi
258 637 301 705 ad
323 636 569 732 Thermopylas
597 638 741 708 adventu
768 635 938 722 sollicitos,
969 642 1057 710 male

48 744 207 811 enunciata
228 741 395 834 legatione
418 760 452 810 et
478 743 569 810 vanis
596 744 769 836 promissis
801 741 969 837 decepisse
992 748 1058 813 cri-

49 847 165 912 minatur.
213 845 414 942 Philippum
444 848 536 914 enim
564 845 695 914 dicebat
722 845 904 914 Aeschines
936 846 1056 916 talibus

54 948 157 1017 nciliis
185 953 254 1033 uti,
282 975 369 1044 quac
389 975 512 1043 magna
538 948 746 1045 reipublicae
774 950 951 1020 commoda
978 965 1056 1020 m'ox

50 1053 127 1120 forent
150 1051 296 1123 allatura.
348 1055 429 1124 Non
458 1053 501 1122 nd
523 1055 748 1125 Phocensium
776 1057 869 1122 enim
891 1057 1057 1125 excidium

50 1157 211 1250 Philippum
231 1161 363 1241 venire,
394 1157 455 1226 sed
484 1157 528 1225 nd
548 1158 750 1228 coercendos
772 1159 962 1228 Thebanos.
1005 1160 1056 1227 Ne

51 1261 123 1352 igitur
143 1287 216 1330 eum
238 1262 340 1355 Pylas
363 1289 441 1332 cum
463 1265 563 1330 armis
585 1265 778 1358 ingressum,¹
794 1266 886 1330 anxie
914 1265 1055 1350 ferrent3

51 1368 172 1436 continuo
194 1369 288 1435 enim
308 1369 480 1438 Boeotiam
502 1366 774 1436 eThehanorum
795 1371 950 1436 servitute
970 1367 1074 1458 libe-¹

52 1487 133 1551 urtam,
153 1471 314 1565 Thespias
343 1470 557 1566 Plataeasquc
585 1474 751 1541 restitutus
779 1472 975 1540 nunciatum
995 1473 1055 1558 iri3

55 1571 164 1666 denique
190 1575 349 1670 Oropum
377 1573 590 1643 redditurum
621 1577 668 1672 eis
690 1576 889 1670 Philippum
917 1599 986 1644 esse
1008 1575 1056 1644 af·-

55 1675 176 1748 finnabat
220 1682 306 1749 lstae
334 1683 427 1748 enim
453 1698 546 1747 erunt
567 1679 1055 1782 causaeodii‘rhtheniensium

60 1779 256 1852 iulhebauos.
308 1785 549 1853 Demosthenes
581 1808 660 1853 vero
692 1807 799 1878 quum
832 1787 1053 1866 assurrexerit,

59 1899 205 1957 omonere
224 1889 395 1984 populum
416 1907 553 1958 conatus
575 1892 632 1972 sit,
662 1911 707 1956 ne
735 1888 828 1955 vanis
855 1913 889 1956 se
911 1889 1055 1982 promis*

57 1987 83 2052 sis
98 1989 192 2086 decipi
219 1997 361 2077 sineret,
394 1997 563 2064 invectum
591 1996 630 2063 in
663 2018 698 2062 se
720 1992 944 2063 Philocratem
965 2009 1055 2060 tanta

58 2096 170 2182 superbia
190 2124 258 2168 esse
281 2099 394 2182 refert,
417 2116 455 2168 ut
475 2102 547 2193 ipse
580 2102 650 2168 inm
672 2097 821 2194 explosus
843 2099 1054 2167 conticuerit.

58 2191 86 2258 l·
108 2200 185 2270 Dein.
214 2233 246 2272 π.
277 2230 417 2293 παραπρ.
448 2229 484 2297 p.
508 2205 573 2290 346
593 2231 668 2298 sqq.
691 2243 733 2256 -
761 2229 796 2298 p.
819 2205 893 2273 353.
922 2227 956 2293 p.
979 2201 1053 2272 355.

60 2292 95 2364 (ii.
109 2325 144 2370 or.
164 2306 202 2376 de
223 2333 309 2402 pace
330 2335 364 2403 p.
389 2314 440 2401 59.
484 2306 571 2376 Phil
595 2308 696 2404 II‚·p.
718 2331 761 2400 72
784 2309 873 2401 sq.*)

120 2406 157 2474 lta
171 2436 246 2481 vero
270 2413 446 2482 {allecibus
476 2411 661 2506 legatorum
688 2413 860 2506 promissis
889 2412 1055 2502 intempe-

69 2503 123 2569 stiue
137 2516 261 2585 confisus
284 2516 431 2610 populus
460 2538 529 2583 non
552 2516 662 2584 solum
686 2517 733 2584 ad*
750 2513 898 2609 Philippi
921 2515 1056 2606 incepta

66 2609 169 2692 (sulcum
187 2645 255 2689 sese
279 2622 427 2703 tenebat,
450 2619 509 2688 sed
531 2619 703 2689 decretum
732 2623 833 2688 etiam
859 2617 1055 2685 Philocratis

63 2725 136 2780 ratum
153 2745 211 2791 csse
232 2727 346 2806 iussit,
376 2727 414 2793 in
436 2749 504 2820 quo
526 2728 677 2819 primum
697 2749 763 2819 pax
783 2721 885 2793 modo
908 2723 991 2790 inita
1013 2718 1057 2787 ad
1145 2785 1147 2792 ,

62 2831 168 2898 posteros
187 2852 293 2923 usque
315 2849 444 2898 extense
466 2849 524 2912 est,
548 2827 671 2896 deinde
693 2851 779 2922 quae
801 2825 978 2920 Philippus
1001 2849 1059 2917 aga·

64 2936 152 3000 limus
178 2953 276 3018 esset,
317 2932 450 3002 laudata
476 2935 775 3025 comprobataque,
803 2929 951 3022 denique
973 2930 1057 2996 heco

64 3037 152 3094 eun-m
169 3055 253 3105 sunt:
284 3038 339 3107 ἐὰν
359 3037 403 3124 μὴ
431 3045 542 3106 ποιῶσι
567 3044 686 3114 Φωκεῖς
711 3034 733 3102 ἃ
755 3039 814 3116 δεῖ,
843 3036 895 3101 καὶ
920 3036 1058 3122 nascor·-

45 3120 113 3189 2liou
129 3146 183 3213 τοῖς
202 3140 404 3233 Ἀμφικτύοσι
430 3142 467 3211 τὸ
481 3141 589 3230 ‘lehem
620 3141 669 3206 ὅτι
690 3139 846 3225 βοηθήσει
872 3135 891 3203 ὅ
917 3131 1057 3223 hripensi

64 3291 328 3338 &-

120 3433 232 3501 silendis
251 3444 421 3506 Halensium
442 3457 471 3504 et
492 3442 702 3504 Pharsaliorum
730 3427 882 3503 inimicitiis
910 3438 1058 3500 adiutores
1161 3515 1162 3522 ἵ

121 3529 209 3588 essent
245 3524 332 3593 Dens.
354 3530 375 3592 l.
396 3553 421 3594 e.
464 3550 496 3613 p.
521 3530 592 3591 352.
643 3603 645 3614 Ι

92 3621 211 3707 llfflch·
240 3675 272 3716 π.
300 3672 440 3736 sapenos
469 3672 500 3735 p.
523 3643 567 3729 44
599 3653 637 3711 in.
666 3651 848 3712 renunciasse
880 3665 912 3709 se
944 3645 1057 3729 populo

45 3719 48 3844 ι
123 3726 209 3793 eadem
230 3738 307 3819 dicit,
329 3762 405 3823 quae
427 3741 457 3798 in
478 3736 650 3798 olaccdania
671 3736 709 3796 ad
730 3735 898 3817 Philippum
927 3755 1061 3816 pronun·

123 3811 221 3881 ciittet:
243 3846 369 3911 nequurn
390 3846 494 3906 nempe
515 3823 572 3885 sihi
601 3821 708 3901 videri,
737 3838 771 3884 ut
797 3820 916 3882 Theb'ne
938 3820 1067 3903 Boeotiov

124 3914 213 3982 essm,
231 3931 288 3974 nou
309 3914 430 3974 Boeotia
457 3909 577 3971 Thehee
599 3942 644 3962 -—
664 3930 785 3993 prorsus
806 3910 910 3968 leniter
944 3921 973 3968 et
1000 3907 1061 3966 ele*
1115 3953 1117 3958 .

124 4001 222 4067 Bffllert
243 3999 295 4060 sed
316 4020 353 4062 eo
375 4001 441 4082 ipso
461 3998 664 4058 Demosthenis
685 3997 909 4058 criminationem
930 3993 1060 4079 apprime

126 4067 263 4142 ttulimus
560 4157 563 4164 ¹
684 4169 708 4251 ὃ
759 4137 777 4184 ¹.

45 4417 47 4546 l
