2694 4784
471 285 629 392 A

44 480 146 553 pacem
173 457 250 525 iure
278 451 421 522 iurando
451 479 473 521 a
492 449 654 547 Philippo
685 453 952 524 confirmandam
982 483 1078 528 cura-

44 579 116 646 rent,
136 559 351 652 reliquorum
373 559 526 650 quinque
553 557 737 652 unicuique
766 557 945 652 singularis
974 587 1095 656 quw

46 669 109 734 dem
127 665 306 757 provincia
332 660 533 732 demandata
554 660 619 746 sit?
651 661 700 730 Ut
725 663 821 732 brevi
844 662 964 746 dicam,
989 692 1076 760 quae

47 767 211 863 probabilis
235 767 401 836 sententia
423 763 467 832 de
488 763 623 834 decreto
645 764 710 834 hoc
731 769 831 836 statui
852 771 971 861 possit:
999 789 1077 862 post
1122 851 1128 859 ι

51 898 145 964 paoem
166 897 187 942 a
206 868 339 963 populo
362 871 523 938 sancitam
545 867 842 964 confirmatamque
863 875 966 940 creati
995 899 1077 944 con.
1139 939 1145 954 ⁶

54 980 120 1046 huno
140 979 301 1046 universo
322 999 364 1044 ex
383 974 513 1068 populo
536 974 688 1066 quinque
707 973 808 1066 legati
831 995 910 1044 sunt
930 979 975 1061 (ἐκ
994 979 1076 1048 πάν.

51 1109 95 1148 rur
113 1082 293 1168 Ἀθηναίων
313 1077 374 1164 ἤδη
396 1076 540 1167 nlrrs)*)
568 1079 656 1144 inter
686 1077 961 1172 Elaphebolionis
983 1082 1077 1154 diem

49 1187 114 1254 XIX
136 1203 171 1254 et
198 1183 335 1266 XXIV,
369 1183 412 1272 ii,
440 1181 501 1274 qui
522 1183 560 1248 in
581 1179 716 1252 decreto
745 1200 860 1253 nostro
882 1187 1075 1279 exstant,**)
1101 1271 1103 1278 y

48 1290 145 1382 hisque
173 1287 246 1358 sole
268 1288 351 1355 iuris
373 1281 508 1354 iurandi
537 1309 617 1352 cura
646 1285 845 1356 demandata
872 1307 931 1358 est.
974 1292 1077 1358 Prae-

49 1411 86 1460 ter
108 1395 164 1462 hos
194 1392 360 1486 deinceps
387 1391 456 1459 sive
486 1415 507 1456 a
542 1408 660 1460 senatu
690 1414 751 1460 seu
785 1393 861 1486 ipso
897 1417 918 1462 a
946 1381 1074 1488 popolo
1127 1425 1130 1436 2

52 1495 92 1563 rlii
114 1499 267 1591 quinque
295 1493 394 1564 electi
421 1511 518 1578 sunt,
552 1495 611 1587 qui
639 1493 780 1565 illorum
807 1512 865 1564 aut
893 1498 1075 1584 auxiliarii,

52 1619 92 1667 aut
123 1603 350 1670 observatores
380 1621 450 1666 esse
482 1598 678 1692 cupiebant,
714 1618 820 1694 utque
850 1599 987 1694 publice
1016 1629 1076 1672 eu-

54 1706 178 1775 ctoritate
199 1717 341 1799 possent
367 1703 569 1796 legationem
591 1705 758 1788 comitari,
787 1704 992 1774 observanda
1019 1697 1081 1775 err-⁵

58 1807 270 1903 sequendaque
292 1805 357 1877 alia
378 1803 554 1876 commoda
572 1805 719 1875 libenter
739 1827 965 1902 susceperunt,
989 1835 1075 1902 quae

54 1913 173 2005 populns
209 1931 347 2010 praeter
382 1935 501 2005 pacem
539 1935 618 1980 cum
656 1912 817 2008 Philippo
856 1917 1076 2007 compositam

54 2013 108 2084 fieri
131 2018 194 2086 sibi
228 2017 377 2111 optabat.
429 2015 471 2083 In
507 2015 559 2084 his
595 2039 682 2086 unns
716 2013 959 2086 Demosthenes
998 2019 1074 2104 tuit,

55 2122 97 2208 qui
123 2123 330 2219 captivorum
356 2119 632 2192 redimendorum
662 2145 759 2192 causa
788 2121 936 2216 legatum
969 2147 1007 2192 se
1036 2125 1075 2192 in

58 2333 344 2358 *ὓ*-

93 2486 113 2578 ⁴)
125 2487 167 2572 Ἓξ
182 2491 365 2578 abosolute
385 2493 432 2557 vel
453 2489 486 2558 ἔκ
510 2487 636 2557 πάντων
652 2489 830 2576 Ἀθηναίων
849 2489 1075 2558 additamentum

124 2586 243 2648 solemne
267 2587 298 2644 in
319 2583 442 2645 decretis
465 2597 518 2660 est,
539 2583 593 2645 ubi
615 2582 654 2643 de
672 2583 803 2644 creandis
814 2583 917 2662 trihus,
939 2585 1075 2668 quinque

120 2670 304 2752 pluribusve,
334 2670 545 2754 magistratibus
574 2691 669 2731 sermo
700 2671 733 2731 tit
762 2669 843 2732 nullo
870 2671 999 2736 tribuum
1026 2693 1076 2731 re-
1127 2745 1128 2750 η

122 2774 217 2862 {pecto
249 2758 359 2820 habito.
409 2757 458 2820 Sic
490 2779 535 2818 or.
564 2755 629 2818 adv.
663 2756 791 2818 Timocr.
821 2779 853 2842 p.
888 2779 951 2840 7⁰7
985 2753 1076 2820 alm

121 2842 232 2928 ανδρας
255 2843 292 2924 ἒξ
304 2840 482 2926 Ἀθηναίων
503 2836 661 2923 ἁπάντων,
693 2858 723 2906 et
744 2843 823 2904 idem
850 2846 881 2906 in
904 2844 1023 2907 decreto
1045 2847 1076 2906 in

121 2927 240 2994 Zenonis
263 2935 403 2994 honorem
423 2931 481 2994 lato
503 2954 550 3014 ap.
571 2923 662 3015 Diog.
683 2931 718 2990 L.
741 2929 817 3006 Vll,
846 2954 892 2994 nr.
925 2951 980 3010 to,
1006 2945 1077 3011 xer-

121 3017 284 3102 ροτονῆσαι
313 3007 458 3100 πρίσβεις
483 3024 567 3101 τρεῖς
597 3015 630 3092 ἓξ
653 3007 832 3098 Ἀθηναίων
853 3009 1016 3091 ἁπάντων,
1044 3020 1076 3078 ἱιι

26 3165 27 3168 ,
120 3101 223 3168 thhh
258 3107 348 3168 lrscr.
374 3109 435 3168 Att.
458 3129 501 3168 nr.
533 3119 608 3186 107,
643 3100 737 3166 δέκα
762 3099 875 3187 ἄνδρες
902 3099 936 3178 ἔξ
962 3099 1074 3186 lehre.

26 3169 29 3296 l
121 3179 263 3255 ἁπάντων
283 3215 331 3276 ap.
373 3191 519 3254 Andocih
541 3191 579 3254 de
600 3212 673 3276 pace
694 3213 726 3276 p.
749 3212 788 3271 9²
813 3193 852 3254 R.

26 3345 28 3420 p
87 3315 244 3401 ''lhorum
269 3331 428 3393 Aeschines
460 3329 564 3391 eodem
594 3349 713 3390 munere
735 3331 764 3390 iu
786 3331 886 3414 priore
917 3329 972 3391 iam
993 3330 1075 3414 lega*
1177 3331 1183 3342 '
1284 3319 1288 3350 '

121 3413 194 3477 tione
215 3420 333 3480 functus
355 3432 406 3479 est.
451 3417 551 3478 Ceteri
572 3419 634 3477 noti
655 3431 722 3477 sunt
743 3437 779 3477 ex
800 3417 864 3502 ipsa
886 3439 930 3479 or.
953 3415 990 3478 de
1013 3440 1074 3478 cor.
1202 3453 1217 3502 '.

120 3499 235 3566 Praeter
256 3505 407 3567 Eubulum
428 3505 504 3566 enim
524 3505 761 3588 Anaphlystium,
782 3505 875 3566 virum
896 3504 1075 3587 reipublicae

122 3586 358 3668 tdministratione
381 3613 417 3652 eo
438 3605 571 3676 tempore
601 3591 834 3670 celeberrimum,
866 3593 979 3678 quibet
1010 3593 1074 3676 ipse

123 3673 262 3740 interdum
290 3677 328 3742 ad
355 3679 488 3826 Philippi
516 3693 613 3763 partes
648 3677 819 3756 inclinabat,
850 3671 901 3762 (ν.
921 3679 1075 3740 Demosth.

124 3757 159 3821 tle
179 3779 290 3851 con'p.
313 3768 387 3829 232.
409 3788 447 3828 c·
468 3788 501 3848 p.
525 3761 598 3827 281.
633 3763 738 3826 Aesch.
760 3764 883 3826 inCtes.
904 3786 936 3846 p.
959 3760 1000 3845 57
1023 3763 1076 3844 m.)

124 3861 273 3914 occurrunt
301 3851 489 3915 Democrates
517 3851 668 3934 Phlyensis
697 3852 727 3913 in
758 3851 876 3913 decreto
898 3849 938 3912 tle
959 3869 1019 3916 tor.
1040 3869 1075 3935 p·

125 3951 200 4030 39¹,
237 3941 445 4024 Cephisophon
473 3940 668 4010 Rhamnusius
701 3953 730 4000 et
767 3939 860 3999 Cleon
897 3937 1075 4002 Gothocides

124 4039 288 4116 tuncrum.
333 4027 413 4088 Ctes-
435 4025 474 4088 de
496 4048 547 4088 cor
568 4048 599 4108 p.
623 4023 696 4105 244,
716 4026 845 4111 utrique,
866 4039 899 4088 ut
912 4023 981 4090 iude
1002 4047 1075 4092 corr·

125 4108 167 4167 uti
186 4127 290 4194 potest,
313 4115 461 4176 Aeschinis
482 4111 641 4176 familiares.
