2712 4762
701 243 768 315 280

658 335 815 353 w
845 349 849 366 η

215 415 442 484 Demosthene
464 412 654 508 depositam
677 439 758 497 esse,
781 437 888 508 quum
910 413 1019 508 legem
1033 412 1136 482 ferret
1147 412 1281 498 literi-¹

213 519 328 615 phun,
360 515 586 592 demonstrare
615 535 755 587 conetur
792 542 832 586 ex
859 514 994 586 decreto
1032 513 1076 584 de
1102 507 1281 602 metudio,

213 633 397 709 εειχοκοιοῖς
414 647 434 689 ο
449 621 674 690 Demosthene
691 619 769 691 lato.
810 618 879 689 Sed
891 620 1004 689 exhoo
1016 619 1259 691 Demosthenes

213 727 386 795 moenium
405 743 541 792 cruatur
557 723 681 794 electus
707 741 755 792 est
774 721 902 792 diverso
926 723 1084 793 archonte
1104 725 1260 818 Lysima-

85 906 89 921 Ι
214 823 328 898 olridis.¹
361 830 479 920 ltaque
491 829 592 896 verba
606 832 654 896 lul
666 831 889 914 Λυσιμαχίδου
906 828 1058 916 ἄρχοντος
1069 830 1258 920 Qumis&-

114 977 116 986 ,
214 960 269 1013 νος
288 934 388 1021 μηνὸς
408 935 538 1024 dacrion
560 935 731 1022 φθίνοντος
752 931 815 1000 sins
831 933 1043 1024 Δημοσθένης
1061 930 1258 1002 recitaturus

302 1289 457 1360 Aeschines
479 1289 567 1351 inisse
587 1289 687 1364 relect,
710 1291 763 1373 qni
784 1289 895 1350 nonnisi
917 1291 1003 1350 annui
1024 1289 1111 1352 fuisse
1134 1307 1258 1372 possunt

304 1370 349 1456 (oi
370 1373 418 1438 tut
440 1373 476 1438 τδ
498 1365 651 1458 θεωρικὸν
671 1371 949 1458 κεχειροτονημένοι
970 1365 1069 1465 ἦρχον
1088 1373 1157 1455 μίν,
1181 1375 1258 1459 πρὶν

303 1454 325 1542 ἢ
355 1457 412 1524 τὸν
434 1456 613 1569 Ἠηδμονος
641 1457 738 1541 νόμον
758 1459 918 1542 γενέσθαι,
949 1458 1009 1542 τὴν
1029 1465 1086 1524 τοῦ
1105 1458 1258 1546 ἀντιγρα-

303 1544 387 1632 φέως
407 1545 523 1633 ἆρχην,
552 1538 651 1629 ἦρχον
678 1545 712 1610 δὲ
739 1543 881 1630 τὴντῶν
908 1544 1087 1611 ἀποδεκτῶν
1106 1547 1157 1610 καὶ
1179 1570 1257 1612 νεω-

302 1637 382 1718 peis,
413 1633 463 1698 κοδ
491 1630 684 1718 σκευοθήκην
709 1629 912 1720 ᾠκοδόμουν,
941 1621 1022 1717 ἦσαν
1048 1631 1082 1698 δὲ
1107 1633 1158 1697 καὶ
1181 1629 1259 1698 ὁδο-

302 1720 395 1784 ποιοί.
448 1725 550 1786 Aesch.
578 1723 599 1783 l.
629 1718 680 1806 o).
731 1725 770 1784 Et
798 1738 911 1784 creatos
940 1723 1060 1784 theorici
1088 1739 1258 1807 quaestores

303 1831 368 1870 esse
388 1812 463 1872 mres
484 1812 690 1892 Dionysiorum
703 1809 879 1870 urbanorum
901 1809 1105 1870 solemnitatem
1128 1831 1163 1870 ex
1185 1811 1257 1893 ipsis

303 1897 362 1973 liis,
395 1919 467 1982 quas
495 1899 541 1957 hic
562 1898 737 1973 excutimus,
774 1895 932 1956 rationibus
968 1896 1115 1970 contendit
1141 1897 1256 1958 Petitus

303 1981 410 2066 (Legg.
438 1988 499 2044 Ast.
521 1983 569 2043 ΙΙΙ.
594 2005 622 2044 a.
646 1977 723 2066 ²5)5
744 1984 928 2066 putarlmque
960 2003 1016 2065 ego
1039 2005 1178 2066 quoque,
1200 1985 1256 2044 etsi

302 2071 396 2130 minus
416 2070 547 2130 tribuens
574 2070 747 2152 argumentis
769 2069 872 2142 Potiti,
899 2067 952 2128 sed
978 2068 1062 2151 quod
1088 2071 1280 2130 universum·

303 2155 422 2216 theorici
457 2157 618 2215 institutum
649 2175 665 2214 n
699 2156 868 2236 spectaculis
902 2156 1082 2236 Dionysiacis
1114 2157 1254 2239 originem

303 2239 385 2302 duxit
417 2239 460 2322 (v.
487 2241 613 2302 lloecltlr.
643 2241 753 2302 Oeten.
777 2242 842 2301 Ath.
877 2243 930 2300 civ.
957 2240 1025 2301 Vol.
1049 2241 1071 2301 l.
1099 2265 1129 2325 p.
1159 2245 1253 2320 235.).

302 2327 492 2390 Nihilominus
522 2329 744 2388 Demosthenem
772 2329 894 2388 theorici
922 2341 1105 2412 quaestorem
1127 2343 1253 2389 creatum

302 2435 366 2476 esse
387 2416 482 2498 primo
504 2436 601 2482 mense
621 2415 686 2474 anni
708 2413 852 2489 eiusdem,
873 2415 955 2474 cuius
976 2414 1176 2497 Pysuepsione
1197 2416 1253 2476 luta

302 2517 347 2582 est
373 2502 418 2562 lex
446 2501 656 2584 Ctesiphontis,
683 2501 771 2560 multa
799 2523 844 2562 me
875 2515 998 2562 monent.
1049 2503 1121 2562 Nam
1154 2504 1178 2561 si
1205 2523 1253 2562 ar-

301 2587 405 2648 chonte
433 2587 634 2670 Lysimachide'
658 2587 696 2647 ad
723 2589 877 2670 Dionysia,
901 2609 996 2650 mense
1018 2589 1106 2670 igitur
1125 2589 1254 2670 Elaphe-

300 2673 419 2735 holione
440 2690 552 2736 creatus
573 2673 680 2751 luisset,
701 2673 805 2734 eodem
827 2675 960 2735 archonte
983 2690 1012 2734 et
1025 2675 1143 2734 theorici
1161 2696 1254 2757 quae·

301 2775 362 2821 ster
389 2761 480 2822 lactus
510 2774 585 2820 esset
613 2775 641 2821 et
668 2755 848 2839 τειχοποιός.
903 2759 964 2820 Sed
982 2760 1136 2820 diversum
1163 2764 1254 2821 mani

301 2847 374 2907 festo
396 2849 559 2909 archontem
580 2848 735 2907 Aeschines
756 2845 870 2926 indicet,
891 2846 946 2930 sub
964 2869 1025 2930 quo
1038 2849 1182 2908 moenium
1202 2870 1253 2908 re·

277 3001 279 3006 ,
300 2933 488 2998 finiendorum
509 2954 605 2994 curem
621 2935 830 2995 Demosthenes
852 2935 1019 3016 susceperit,
1041 2955 1133 3016 quum
1153 2936 1182 2995 in
1204 2956 1253 2996 se·

301 3021 458 3103 quentibns
481 3013 545 3105 [tut
573 3013 634 3102 γὰρ
645 3013 834 3102 Χαιρώνδου
847 3015 1007 3099 ἄρχοντος,
1031 3021 1078 3099 ait,
1099 3013 1252 3102 ψήφισμα

299 3103 511 3188 Δημοσθένης
572 3119 656 3189 news
689 3101 808 3188 δηορὰν
840 3108 966 3188 ποιῆσαι
994 3107 1058 3168 τῶν
1086 3107 1193 3189 φυλῶν
1222 3130 1251 3168 κ.

300 3212 329 3254 τ.
352 3195 392 3270 l,
416 3196 475 3255 sive
497 3195 527 3253 in
548 3196 591 3258 his
612 3191 660 3256 lnl
682 3187 870 3276 Χαιρώνδου
886 3195 978 3276 legas,
1008 3195 1066 3254 site
1095 3187 1167 3276 πρδ.
1211 3196 1251 3254 Et

300 3278 338 3346 sd
358 3281 504 3342 ineuntem
524 3301 629 3341 annum
650 3297 779 3364 spectare
801 3282 884 3340 etiam
913 3281 1022 3362 prolixa
1044 3281 1091 3339 illa
1112 3281 1252 3362 temporis

243 3361 246 3368 ’
299 3364 415 3427 videtur
435 3367 560 3428 notstiot
582 3361 638 3427 nel
654 3386 707 3446 μοι
729 3359 903 3447 ἀνάγνωθι,
927 3363 975 3428 ἐπὶ
996 3363 1084 3437 τίνος.
1100 3359 1253 3445 ἄρχοντος

299 3447 350 3514 sal
372 3449 464 3514 nolon
483 3446 583 3531 μηνδς
609 3449 659 3512 καὶ
687 3449 719 3513 ἓν
739 3450 798 3516 τίνι
823 3444 926 3540 ἡμέρη
946 3449 997 3513 sul
1018 3449 1051 3514 ἔν
1072 3451 1165 3538 ποίη
1185 3450 1251 3514 ἕκ-

298 3533 443 3624 νληυδρ
476 3532 697 3623 ἐχειροτονήθη
730 3535 943 3620 Δημοσθένης
973 3533 1032 3619 τήν
1066 3533 1165 3620 ἀρχὴν
1192 3533 1252 3620 τὴν

298 3618 347 3689 int
368 3626 414 3715 τῷ
434 3624 586 3709 θεωρικῷ.
631 3625 760 3701 Accedit,
782 3625 814 3686 id
837 3625 1079 3710 qnodmuximum
1093 3641 1144 3703 est,
1167 3625 1252 3709 quod

251 3721 255 3728 ’
298 3713 507 3781 Demosthenes
534 3710 582 3772 Ol.
605 3711 678 3790 CX,
709 3715 727 3772 3
751 3712 978 3796 Elaphebolione
999 3712 1061 3790 Vl,
1082 3728 1162 3772 serto
1184 3727 1250 3774 ante

298 3799 437 3879 Dionysia
463 3796 527 3876 die,
559 3797 652 3858 adhuc
681 3799 802 3860 theorici
832 3813 969 3882 quaestor
998 3813 1072 3876 erut,
1101 3814 1134 3858 ut
1163 3798 1254 3860 docet'
1334 3805 1338 3810 '

297 3885 446 3958 Aeschinis
467 3885 609 3946 accusatio
636 3879 689 3966 (de
711 3905 771 3946 cor.
798 3905 829 3968 ρ.
854 3884 946 3967 ass),
968 3887 1021 3969 qui
1042 3886 1089 3946 vix
1110 3906 1172 3946 esse
1192 3907 1252 3968 po·

300 3985 388 4049 terat,
420 3973 444 4032 si
472 3971 521 4032 01.
556 3964 633 4047 CX,
657 3991 672 4031 a
697 3986 762 4032 ante
784 3973 923 4054 Dionysia
945 3993 1047 4046 munus
1068 3973 1249 4056 suscepisset,

299 4077 354 4158 ρον
376 4079 480 4122 sunum
501 4056 763 4150 administrandum,
865 4063 868 4070 ’
