2706 4782
561 375 588 386 ''
671 385 704 428 vr

608 453 765 472 *nno-n-

167 566 252 617 rum
279 562 415 639 genere
441 537 657 638 praedicare
684 544 916 641 arrogantius
940 539 1120 639 videatur,
1146 560 1207 620 ta·
1244 577 1248 593 f

167 688 253 740 men
296 659 474 760 quoniam
512 658 573 733 his
616 660 747 736 studiis
787 665 952 737 omnium
991 659 1207 758 litterarum,

169 805 325 882 quarum
351 781 491 852 auctrix
520 795 557 854 et
582 783 757 882 magistra
773 783 970 883 antiquitas
996 780 1114 874 suerit,
1140 810 1208 860 or·-

168 898 447 991 bismantum,
474 905 505 974 si
535 927 609 1003 qua
641 888 847 1002 antiquitati
875 907 1037 976 Graecae
1064 907 1208 978 Roma-

167 1041 319 1124 uaeque¹
347 1022 463 1094 virtus
491 1039 562 1130 est·
588 1021 689 1113 data,
722 1021 826 1097 hand
865 1025 945 1096 scio
978 1049 1026 1096 au
1056 1049 1133 1098 non
1168 1029 1208 1100 in

170 1169 227 1237 eo,
255 1143 321 1244 qui
349 1156 404 1213 tot
439 1140 719 1243 elegantissimis
751 1141 953 1217 litterarum
990 1149 1209 1244 specimiui·
1267 1207 1268 1210 ,

168 1264 259 1357 bus,
296 1276 353 1335 tot
386 1263 525 1362 ingenii
558 1286 780 1364 morumque
815 1261 995 1364 exemplis
1022 1264 1207 1339 intuendis

168 1383 292 1488 probe
326 1380 580 1458 adsuefactum
606 1407 647 1460 se
671 1373 908 1482 profiteatur,
944 1410 1029 1458 curu
1052 1389 1208 1462 maxime
1311 1446 1313 1450 .

169 1507 326 1610 quisque
353 1502 435 1575 iure
453 1501 718 1578 humanitatem
735 1503 835 1579 illam
852 1521 1014 1604 quaerat,
1039 1508 1078 1578 in
1095 1531 1208 1606 quam

169 1632 301 1700 όιιιιιιιι
327 1623 468 1698 litteras
493 1623 648 1701 tendere
675 1641 712 1698 et
738 1649 962 1699 concurrere
982 1624 1102 1699 decet.
1166 1713 1169 1721 ,

175 1743 383 1860 Quod
400 1743 553 1846 quidem
569 1747 801 1848 antiquitatis
814 1739 1027 1838 studiorum,
1044 1748 1211 1848 auctori-

168 1851 346 1942 turesino
365 1881 413 1940 et·
426 1849 670 1966 'amplitudine
698 1869 818 1967 magis
843 1893 943 1941 nunc
970 1879 1084 1970 quam
1110 1869 1210 1960 oli'm,
1308 1871 1309 1876 ’

168 1971 407 2064 humanitatis
430 1971 590 2064 fortasse
613 2013 691 2062 non
720 1991 813 2062 item
834 1987 1049 2062 florentium
1080 1988 1210 2094 gloria,
1314 1977 1317 1986 ’

169 2110 288 2186 decus
312 2108 404 2184 olim
421 2127 641 2184 concessum
657 2125 693 2182 et
714 2108 971 2184 concreditum
986 2111 1095 2183 etiam
1113 2133 1210 2182 nuuc

168 2217 448 2344 quodammodo
473 2235 595 2331 repeti
612 2233 666 2305 eis
679 2229 935 2332 vindicarique
950 2255 1075 2330 posse,
1104 2233 1210 2336 cnius'

169 2359 238 2428 ute
257 2351 419 2454 quidem
437 2356 553 2451 magis
581 2377 693 2453 quam
715 2355 847 2442 Tuum,
873 2351 1062 2445 Boeckhi,
1080 2375 1212 2425 exem·-

141 2455 281 2585 ’ριἰιιιι
309 2473 489 2548 edoceat?
542 2478 662 2570 Quam
696 2476 794 2547 euim
821 2477 879 2547 Tu
912 2497 998 2548 cum
1009 2471 1212 2560 doctrina,
1266 2539 1271 2550 .
1351 2541 1352 2548 ,

168 2603 243 2699 qua
270 2583 370 2694 a'pud
404 2603 535 2666 omnes
567 2611 753 2692 praestas,
785 2594 1009 2711 singularem
1033 2593 1212 2667 humani-

85 2773 88 2778 ι
170 2733 282 2789 tatem
317 2717 541 2814 coniungas,
567 2714 692 2785 norint
719 2712 870 2812 quidem
896 2735 1037 2804 omnes,
1065 2717 1130 2815 qui
1157 2717 1211 2787 Te

74 2839 76 2845 ’
170 2838 386 2937 cognorint3
415 2857 485 2933 ego
514 2859 603 2906 vero
629 2834 768 2908 tantam
785 2834 823 2907 in
840 2838 894 2907 Te
920 2838 1045 2933 reperi
1069 2859 1148 2908 eam
1176 2849 1213 2910 et

171 2963 343 3058 expertus
370 2979 464 3048 sum,
492 2970 532 3027 ut
559 2954 608 3028 ad
634 2953 823 3054 publicam
846 2956 992 3054 pietatis
1019 2981 1123 3031 meae
1138 2973 1213 3030 te-

171 3061 431 3154 stilieationem
457 3078 647 3150 acerrimis
674 3075 832 3150 stimulis
846 3079 921 3148 iam
939 3074 1082 3149 dudum
1101 3102 1213 3152 com·
1272 3176 1274 3182 ‚

171 3205 337 3274 movear.
388 3201 519 3298 Neque
552 3223 642 3272 vero
677 3223 776 3272 nunc
811 3199 1054 3271 remotiorum
1088 3197 1212 3274 bene-

171 3322 346 3407 ficiorum
374 3321 544 3419 quamvis
568 3321 812 3421 gratissimam
836 3317 1131 3394 recordationem
1147 3347 1214 3395 re-
1245 3337 1248 3342 “
1350 3401 1351 3410 ρ

171 3446 304 3542 p'e't'ere
330 3443 442 3540 iurat,
471 3466 567 3542 quae
594 3462 707 3542 quum
733 3456 818 3513 ante
833 3439 905 3512 hos
932 3438 1075 3540 aliquot
1096 3465 1213 3516 annos

172 3563 401 3662 antiquitatis
442 3561 568 3636 studiis
611 3585 766 3662 operam
808 3560 970 3635 Beroliui
1018 3564 1213 3658 navabam,
1268 3657 1272 3667 q

172 3681 242 3794 alis
277 3663 332 3763 Te
367 3681 544 3759 collata
532 3708 571 3756 ιιι
604 3705 666 3756 me
698 3680 964 3757 humanissime
989 3699 1086 3759 sunt
1137 3689 1213 3760 Su-

171 3819 282 3914 perat
314 3805 601 3885 novissimorum
635 3803 841 3878 officiorum
881 3805 1046 3879 Tuorum
1080 3828 1212 3886 recens

172 3922 244 3997 ll'e'c
279 3911 458 4026 umquam
492 3925 758 4028 exstinguenda
791 3929 987 4020 memoria,
1014 3928 1120 4002 cuius
1146 3931 1211 4028 pio

174 4047 297 4124 auimo
322 4037 584 4130 recolendae
572 4046 795 4148 ipsumhoc
821 4071 919 4149 opus
944 4071 1080 4140 meum,
1107 4045 1212 4148 quod

171 4167 332 4282 primum
367 4186 466 4250 nunc
498 4172 536 4242 in
571 4169 704 4271 vulgus
732 4171 871 4260 emitto,
888 4174 1213 4284 ¹opportunitatem
