2706 4782
19 449 384 549 sitionem,''er·qna,
410 470 506 520 nnnc
534 445 686 522 decreta
707 445 767 520 illa
792 446 840 520 ad
867 445 923 522 01.
950 452 1055 543 cvtt,

17 593 38 642 2
66 568 196 643 referri
222 566 456 669 probabilius
489 569 645 668 possint,
678 567 810 642 melius
836 593 947 670 mam
983 597 1053 673 ego
1173 587 1175 594 '

12 695 97 792 ipse
124 695 181 766 Tu
206 687 400 764 iudicabis.
452 690 495 760 ln
527 685 778 802 retractandis⁸
797 694 927 790 primis
953 691 1056 767 duo-

12 814 86 887 bus
121 810 281 892 dccretis
315 808 354 884 id
387 810 545 884 maxime
579 807 771 903 contendi,
806 825 847 883 ut
883 814 1052 888 omnibus

13 933 274 1034 discrepantiIs
311 930 515 1005 clarissime
544 927 722 1028 detectis,
756 929 852 1004 falso
889 956 931 1006 ea
963 933 1051 1010 loco

13 1055 175 1129 orationi
201 1077 283 1127 esse
310 1055 446 1126 inserta
467 1055 608 1127 Tecum
635 1054 737 1125 omni
765 1077 808 1126 er
834 1069 939 1152 parte
955 1081 1053 1156 pro-

13 1161 142 1251 barem
168 1184 206 1248 et
231 1171 497 1248 confirmarem.
557 1177 606 1248 Et
641 1171 871 1248 Callisthenis
898 1175 1052 1276 quidem

15 1297 207 1372 decretum
240 1317 288 1368 ex
313 1299 394 1370 'I'un
419 1295 600 1370 sententia
628 1295 780 1368 omnino
809 1295 1052 1393 probabiliter

16 1421 122 1493 statui
149 1415 198 1491 ad
222 1415 278 1488 01.
306 1417 434 1507 CVIII,
462 1421 485 1493 3
518 1412 766 1490 referendum.
819 1420 876 1508 De
903 1420 1050 1492 Demo-

17 1540 155 1614 sthenis
175 1552 303 1612 autem
330 1535 482 1610 decreto
509 1552 657 1638 praeter
690 1541 808 1610 Tuam
835 1539 1049 1638 opinionem

18 1663 116 1734 aliam
151 1660 245 1732 meis
289 1656 338 1732 de
380 1659 501 1733 causis
543 1659 791 1731 coniecturam
833 1681 1076 1759 proponere,

18 1781 119 1854 band
140 1779 270 1855 inutile
296 1777 394 1852 duxi
445 1781 497 1852 Ita
523 1779 615 1851 meis
641 1781 711 1852 iam
731 1778 936 1853 rationibus
964 1805 1048 1855 cum
1168 1801 1170 1807 ·

21 1904 106 1976 Tuis
145 1899 390 1976 reconciliatis
432 1901 697 1999 conquiescere
738 1895 918 2004 operique
962 1926 1046 1976 meo

17 2023 125 2098 finem
149 2026 344 2124 imponere
369 2036 548 2122 poteram,
575 2044 692 2123 quum
718 2024 883 2121 quaestio
910 2020 956 2096 de
983 2047 1049 2098 ar-

15 2143 211 2219 chontibus
224 2140 552 2244 pseudoponymis,
578 2140 782 2242 dequibus
799 2146 835 2218 in
847 2147 1046 2217 Prooemio

13 2282 179 2340 actmnm
203 2288 373 2339 incesse
405 2265 669 2364 promiseram,
704 2268 806 2337 aTe
830 2268 904 2340 iam
932 2264 1048 2339 soluta

11 2387 257 2486 absolutaque
284 2400 390 2460 esset.
443 2387 691 2459 Veruntamen
718 2383 767 2458 ad
800 2389 898 2459 Tuas
939 2387 1047 2461 simul

6 2513 194 2604 measque
228 2507 383 2581 rationes
418 2503 688 2580 confirmandas
722 2521 1046 2580 monumentorum

1 2609 264 2700 lcondtnonem
315 2615 521 2704 accuratius
571 2629 766 2728 persequi,
818 2625 1046 2704 difficultates

9 2771 141 2820 omues
176 2744 368 2847 detegere,
403 2747 666 2850 discrepantias
708 2747 893 2849 explicare
927 2767 962 2824 et
996 2755 1046 2826 ita

11 2869 139 2962 Tuam,
175 2891 287 2967 quam
314 2867 404 2944 mihi
437 2874 509 2972 ipsi
534 2874 605 2945 iam
640 2873 792 2962 asserui,
825 2869 874 2944 de
907 2897 1046 2946 monn-

12 2986 221 3062 mentorum
248 2989 467 3069 collectione
493 2978 710 3067 sententiam
736 2991 784 3067 ab
811 2993 912 3064 omni
938 3009 1046 3094 parte

14 3110 104 3182 tueri
138 3125 177 3184 et
210 3121 294 3186 mea
326 3139 387 3186 me
421 3117 570 3214 omnino
596 3111 751 3188 iubebat
780 3111 922 3214 religio,
957 3101 1045 3186 mox

1 3239 131 3304 ,tamen
159 3247 196 3306 et
230 3249 418 3341 externum
452 3240 573 3337 coegit
606 3236 894 3309 incitamentum
953 3241 1043 3309 Nam

13 3375 127 3448 quum
152 3349 291 3430 aestate
317 3361 514 3456 praeterita
548 3382 617 3458 per
644 3355 891 3431 valetudinem
917 3359 1043 3456 gravi-

12 3485 63 3544 ter
89 3490 260 3549 vexatam
287 3500 384 3578 opus
410 3476 459 3551 ad
494 3461 676 3580 plagulam
713 3476 892 3552 decimam
926 3495 1043 3578 quar-

12 3605 82 3662 tam
113 3599 216 3696 typis
257 3599 331 3672 iam
376 3602 600 3700 exscriptum
633 3601 671 3671 in
713 3597 860 3700 longius
895 3615 1041 3700 tempus
1152 3585 1154 3594 ¹

10 3710 171 3791 abiicere
204 3735 356 3794 coactns
391 3733 526 3810 essent,
572 3723 659 3794 satis
703 3733 843 3797 mamre
880 3722 1043 3794 occurrit

9 3834 94 3910 mihi
130 3811 318 3942 Spengelii
353 3839 401 3915 de
447 3839 685 3916 archontibus
725 3841 1040 3944 pseudoponymis

8 3955 37 4027 in
69 3961 242 4037 oratione
277 3961 324 4038 de
360 3987 499 4040 corona
539 3967 823 4054 Commutatio,
864 3979 904 4036 ut
943 3987 1040 4064 quae

8 4081 90 4156 neis
121 4085 291 4186 'suisque
332 4083 537 4163 rationibus
573 4087 755 4161 contraria
787 4099 917 4160 auctor
959 4085 1040 4160 eius
