2706 4782
695 285 852 392 A

248 454 500 524 criminationes
521 445 911 548 publicaDemosthenis
936 455 1223 525 administratione
1248 457 1304 524 di-

242 585 354 654 gnum
366 583 444 627 eum
456 562 608 652 praemio
623 557 683 627 illo
700 558 868 627 iudicibus
882 585 952 626 esse
971 560 1132 628 ostendat.
1155 562 1303 630 Aeschi-

247 689 308 732 nes
332 665 422 732 enim
443 666 505 731 tria
527 665 724 758 praesertim
745 663 911 747 exhibuit,
933 666 1116 756 inquibus
1138 689 1301 759 peccasse

247 786 364 839 contra
375 768 465 858 leges
479 766 734 860 Ctesiphontem
746 767 1003 854 demonstraret3
1024 771 1187 862 primum,
1202 773 1303 862 quod

247 869 324 942 ante
336 872 459 940 relatas
479 871 630 940 muneris
641 874 786 941 rationes
804 897 927 942 corona
949 872 1145 942 donandum
1167 875 1303 945 Demo-

246 978 400 1046 sthenem
420 978 624 1070 scripsisset:
649 993 720 1045 erat
741 978 831 1072 enim
847 977 1089 1062 Demosthenes
1111 981 1217 1046 muris
1242 1005 1302 1048 re-

211 1143 213 1148 .
236 1081 400 1150 finiendis
412 1081 631 1174 theoricoque
642 1081 841 1174 praefectus,
857 1107 927 1175 quo
941 1083 1299 1176 tempore-Ctesiphon

245 1186 420 1254 decretum
441 1185 485 1253 de
506 1184 700 1256 coronando
717 1209 757 1255 eo
774 1184 818 1254 ad
834 1205 986 1254 senatum
1000 1186 1185 1272 deferebat3
1209 1205 1297 1273 tum,

245 1290 340 1385 quod
379 1293 417 1358 in
452 1291 580 1360 theatro
617 1291 861 1383 Dionysiorum
895 1287 1118 1382 solemnitate,
1156 1291 1296 1376 deinde,
1349 1373 1350 1382 ἵ

246 1396 340 1486 quod
361 1385 491 1465 iirtutis
513 1398 619 1489 gratia
641 1412 675 1463 ct
695 1393 956 1476 benevolentiae,
980 1419 1081 1486 quam
1095 1420 1174 1490 erga
1187 1397 1298 1466 Grae-

246 1524 303 1596 cos
324 1502 496 1570 universos
518 1500 552 1568 et
574 1501 741 1569 civitatem
762 1498 1020 1566 Atheniensium
1044 1519 1210 1594 perpetuo
1232 1503 1299 1570 ha·
1350 1564 1351 1582 ,

243 1605 356 1687 beret,
372 1601 578 1674 fortitudinis
601 1607 701 1673 etiam
728 1620 762 1670 et
788 1605 993 1671 constantiae
1017 1605 1054 1670 in
1085 1606 1212 1697 agendo
1234 1606 1293 1673 di-
1350 1643 1351 1698 p

244 1708 431 1804 condoque,
454 1736 540 1804 quae
561 1709 692 1804 populo
714 1709 859 1776 maxime
886 1706 1027 1775 fuissent
1052 1705 1202 1778 salutaria
1228 1735 1288 1776 au-

242 1839 300 1882 rea
334 1840 459 1885 corona
494 1815 686 1885 ornandum
719 1812 981 1881 Demosthenem
1016 1813 1289 1882 commendasset.

243 1920 371 1988 Omnia
390 1921 474 1988 haec
494 1919 679 1987 Aeschines
705 1916 824 1984 ordine
846 1933 885 1982 ut
904 1915 986 1982 falsa
1007 1918 1183 2011 impugnat
1204 1919 1292 2013 legi.

241 2024 375 2117 busque
398 2024 575 2104 contraria,
597 2023 696 2088 tertio
718 2020 792 2090 loco
815 2023 974 2088 acerrime
996 2023 1033 2088 in
1050 2022 1291 2092 Demosthenis

239 2126 570 2195 administrationem
590 2123 796 2219 reipublicae
818 2127 994 2208 invehens,
1024 2129 1061 2194 in
1089 2129 1183 2194 cuius
1211 2153 1292 2221 pra-

240 2234 342 2300 vitate
370 2248 405 2299 et
426 2229 557 2298 damnis
583 2229 848 2308 demonstrandis
877 2229 1106 2325 longissimam
1127 2235 1289 2302 orationis

147 2343 157 2390 5
223 2361 321 2420 ¹suae
340 2354 472 2429 partem
495 2337 681 2417 consumit,
711 2352 750 2400 ut
772 2361 838 2427 qua
860 2340 1004 2404 maxime
1026 2338 1290 2406 Demosthenem

240 2443 417 2538 probitatis
438 2441 526 2508 fama
549 2438 779 2536 dignitateque
801 2459 948 2508 evertere
972 2443 1071 2534 eique
1092 2445 1288 2535 praeripere

166 2565 170 2578 ’
239 2549 380 2642 gratiam
400 2545 601 2640 popularem
623 2545 856 2614 contendebat.
902 2544 971 2614 Sed
992 2547 1030 2613 in
1051 2548 1116 2615 hoc
1131 2549 1288 2615 victoriae

239 2676 337 2744 spem
357 2662 479 2742 parum
500 2649 634 2714 firmam
656 2649 828 2731 cernebat,
859 2648 932 2730 illa,
965 2648 1058 2743 quod
1080 2669 1114 2717 et
1135 2669 1208 2718 ante
1230 2674 1285 2716 te-

117 2775 120 2782 ’
181 2767 183 2772 ’
238 2753 320 2822 latas
342 2753 494 2818 muneris
516 2753 663 2819 rationes
694 2769 728 2819 et
756 2754 793 2818 in
821 2754 948 2822 theatro
972 2753 1212 2848 Dionysiorum
1233 2779 1287 2823 so·

237 2856 413 2926 lemnitate
434 2878 558 2923 corona
578 2855 842 2926 Demosthenem
863 2857 1052 2926 ornandum
1064 2863 1194 2949 senatui
1205 2884 1288 2956 pro-

135 3003 138 3010 *
237 2977 396 3058 posuerat
418 2959 620 3054 Ctesiphon,
651 2961 774 3029 invitis·
785 2960 913 3054 legibus
942 2962 1075 3032 decreta
1105 2987 1183 3048 esse,
1214 2989 1289 3032 cer-

237 3069 375 3138 tissimis
404 3068 608 3158 argumentis
637 3067 796 3139 evin‘cere„
819 3069 940 3159 potuit.
995 3068 1086 3135 Haec
1115 3069 1219 3161 igitur
1247 3071 1286 3136 in

237 3173 389 3244 oratione
409 3195 469 3240 sua
489 3172 599 3263 primo
622 3168 697 3240 loco
719 3169 869 3254 exhibet,
901 3170 1156 3265 Ctesiphontem
1175 3173 1213 3239 in
1236 3177 1284 3242 eis

236 3299 392 3376 peccasse
427 3278 645 3367 integerrima
682 3275 797 3368 legum
835 3277 1031 3345 auctoritate
1065 3276 1279 3356 demonstrat,

237 3381 386 3477 denique
409 3407 429 3448 a
449 3380 620 3448 iudicibus
649 3382 752 3473 petit,
783 3397 821 3446 ut
849 3404 917 3473 quo
947 3381 1020 3472 ipse
1041 3379 1161 3448 ordine
1184 3404 1282 3450 aecu-

235 3488 367 3570 raverit,
395 3484 515 3554 eodem
541 3483 613 3553 solo
643 3484 898 3576 Ctesiphontem
920 3510 940 3550 a
967 3485 1194 3552 Demosthene
1223 3483 1284 3551 de-

234 3589 328 3660 fendi
350 3603 554 3684 paterentur,
576 3616 610 3683 p.
623 3590 665 3660 83
687 3585 775 3655 med
798 3587 851 3664 ed.
866 3589 983 3681 Steph.
1028 3589 1074 3655 At
1084 3589 1284 3657 Demosthe-

234 3721 295 3764 nes
316 3697 404 3762 bene
425 3695 611 3788 prospectis
634 3693 813 3766 adversarii
839 3692 972 3759 insidiis
1001 3694 1135 3787 inipso
1158 3694 1285 3761 oratio·

234 3803 288 3870 nis
309 3823 388 3868 suae
411 3797 547 3867 exordio
577 3797 705 3866 iudices
726 3796 854 3891 legibus
881 3814 914 3863 et
934 3797 1098 3891 religione
1121 3798 1283 3879 obsecrat,

234 3923 273 3974 ut
294 3904 387 3998 quod
409 3905 482 3998 ipse
503 3900 645 3974 voluerit
662 3927 705 3971 ,ac
727 3901 890 3995 delegerit
910 3900 1040 3970 ordinis
1062 3919 1096 3968 et
1116 3899 1284 3996 defensio-

235 4011 288 4080 nis
310 4033 431 4103 genus,
462 4007 498 4074 id
527 4009 593 4080 sibi
624 4007 770 4100 benigne
800 4005 994 4076 concedant.
1040 4005 1125 4076 Inde
1148 4030 1283 4075 exorsus
