2740 4774
476 281 481 295 ·
534 263 690 375 ,ru

136 427 193 506 01.
218 441 307 518 CIX,
330 434 362 526 1,
387 458 484 531 quem
509 439 583 506 fasti
606 423 770 520 exhibent,
795 438 1081 523 Nicomachus3
1183 469 1186 476 ·

293 528 299 546 “
386 542 629 612 Boedromionc
652 543 829 611 Neocles
852 552 896 636 (p.
921 542 993 634 ‚249'
1008 558 1040 609 et
1056 544 1131 626 250)

386 646 585 714 Gamelione
608 647 878 714 Chaerondas
901 648 949 738 (p.
975 649 1060 731 253).

136 749 188 826 01,
223 752 303 834 CX,
338 773 347 816 t
379 748 545 819 'fastorum
569 750 899 842 Theophrastus,
970 781 974 790 ·
1118 737 1120 748 ¹

303 845 323 915 .’
384 853 629 923 Bocdromione
651 853 842 945 Polycles
865 856 913 945 (p.
938 854 1023 938 261).

385 958 640 1025 Anthesterione
664 956 945 1024 Mnesithides
969 959 1016 1050 (p.
1039 961 1129 1048 279).

385 1063 527 1146 Quartus
547 1061 657 1128 afferri
678 1079 788 1153 potest
809 1060 957 1136 Nicias,
975 1070 1020 1154 (p.
1041 1065 1128 1152 273),

427 1149 506 1216 licet
534 1149 644 1216 minus
667 1147 809 1239 certe*),
836 1150 931 1240 isque
954 1148 1130 1218 Hecatom·

426 1255 554 1320 bacone
575 1256 642 1319 iam
665 1254 774 1320 tertio.

131 1356 190 1432 01.
215 1357 293 1438 CX,
329 1381 348 1424 a
381 1380 418 1424 ex
439 1357 530 1424 fastis
558 1356 886 1448 Lysimachidem
917 1379 956 1422 ex
985 1355 1128 1424 decretis
1237 1381 1241 1390 “

337 1479 342 1486 ·
383 1460 665 1552 Mnesiphilus
694 1468 740 1553 (p.
764 1462 859 1548 235),
890 1464 984 1552 isque
1013 1484 1128 1528 rursus
1161 1536 1170 1552 ,

426 1567 563 1632 ineunte
587 1581 692 1647 anno,
722 1567 851 1657 quippe
879 1564 999 1634 ultimo
1022 1565 1129 1632 Heca·

425 1672 681 1752 tombaeone**).

384 1763 658 1866 Elaphebolione
680 1791 714 1840 ct
737 1773 967 1864 Munychione
990 1780 1128 1864 ,Hero-

426 1877 587 1970 pythus
609 1885 655 1970 (p.
678 1881 767 1967 282).
916 1941 920 1949 ,
986 1929 993 1942 ,
1214 1943 1217 1950 ,

383 1980 644 2073 Scirophorione
666 1981 887 2048 Nausicles
910 1990 955 2074 (p.
979 1985 1068 2074 289).
1122 2055 1124 2061 ,

86 2081 203 2152 Toties
225 2083 327 2175 igitur
349 2087 460 2178 siper
490 2109 617 2153 annum
636 2103 822 2152 mutaretur
844 2108 1046 2179 eponymus,
1074 2089 1129 2156 vix

86 2189 309 2263 Athenienses
346 2187 467 2256 dixeris
506 2191 680 2282 percipere
717 2210 847 2282 tempus
884 2208 1035 2258 accurate
1062 2213 1129 2284 po·

87 2294 208 2373 tuisse,
239 2293 432 2364 archontem
461 2295 619 2386 temporis
653 2293 852 2386 designandi
881 2319 977 2371 causa
1005 2319 1042 2363 ex
1069 2295 1129 2361 de·-

86 2397 187 2463 cretis
224 2398 397 2464 recitatum
432 2396 611 2464 audientes.
669 2394 721 2463 En
759 2388 892 2487 nostris
917 2415 1028 2464 autem
1061 2397 1129 2466 illis

86 2499 309 2568 Mnesithides
332 2519 419 2568 certe
441 2503 489 2567 ihi
513 2501 661 2583 offertor,
689 2502 749 2567 ubi
769 2501 909 2568 recitare
931 2502 1129 2585 Demosthe·-

83 2628 148 2671 nes
169 2605 313 2670 scribam
334 2604 436 2687 iubet,
460 2604 593 2698 quando
614 2606 797 2688 Aeschines
834 2624 962 2674 creatus
989 2595 1130 2700 pylago-

84 2732 142 2775 ras
173 2709 231 2790 sit,
261 2708 298 2775 id
321 2709 411 2802 quod
445 2709 604 2778 archonte
631 2709 862 2804 Theophrasto
893 2712 1018 2777 factum
1047 2733 1128 2793 esse,

84 2815 162 2905 ipse
185 2830 323 2896 testatur
348 2814 530 2882 Aeschines
559 2817 596 2882 in
619 2813 707 2882 Ctes.
734 2839 769 2906 p.
791 2815 836 2904 69
866 2832 947 2882 extr.
996 2815 1130 2882 Praete-

84 2941 146 2994 rea
160 2917 431 3008 jDemostheneae
467 2919 580 2985 astaus
610 2919 784 2986 archontes
814 2920 972 3010 eponymi
987 2921 1129 3010 ¹optime

85 3020 253 3114 explorati
294 3038 380 3087 sunt.
443 3022 597 3089 Afferuut
633 3045 687 3089 eos
734 3045 769 3086 ex
807 3044 971 3093 annorum
1008 3019 1129 3088 ordine

84 3128 280 3218 scriptores,
300 3125 470 3194 Diodorus
494 3127 653 3204 maxime,
683 3121 916 3208 Philochorus,
945 3126 1129 3218 Dionysius
1160 3203 1177 3217 „

84 3227 164 3302 Hal.
192 3232 243 3316 (in
274 3232 368 3324 epist
400 3229 443 3298 ad
464 3216 575 3298 Amm.
606 3247 639 3297 et
666 3229 702 3295 in
725 3227 827 3314 indie.
851 3227 893 3296 de
915 3230 1025 3316 Dim),
1049 3252 1129 3299 con·

85 3409 402 3430 μ-ιιι-ι-ιι-ι·

134 3529 159 3609 ')
180 3527 266 3593 Hunc
288 3533 364 3592 enim
385 3533 468 3592 etiam
489 3531 527 3592 ad
548 3533 767 3615 praecedentem
785 3555 889 3596 annum
910 3535 1011 3596 referri
1032 3550 1129 3616 posse,

177 3620 208 3677 in
230 3618 420 3700 sequentibus
442 3622 600 3706 accuratius
623 3619 843 3705 explorabimus.

82 3803 87 3812 ,
137 3737 171 3818 ‘*)
201 3739 315 3800 Poteris
342 3741 418 3800 hunc
447 3741 567 3823 quidem
594 3764 629 3802 ex
657 3745 719 3824 hoc¹
741 3743 1045 3828 pseudeponymorum
1074 3764 1130 3802 nu·
1210 3786 1213 3794 ι

181 3848 259 3886 mero
282 3828 396 3886 omnino
419 3830 544 3890 eximere
566 3837 595 3889 et
616 3845 664 3889 aut
686 3829 722 3901 ad
746 3830 793 3891 01.
813 3831 880 3908 CX,
904 3827 1130 3904 arescendum,
1166 3879 1169 3886 .

148 3929 155 3970 “,
181 3928 229 3971 aut
251 3914 365 3973 omnino
389 3913 487 3974 falsum
515 3915 641 3976 iudicare
674 3916 768 4000 (quod
790 3919 862 3977 insra
884 3915 1129 3992 examinabimus);

180 4019 282 4080 neque
307 4014 398 4058 tamen
428 4021 466 4061 eo
501 4005 707 4086 argumentatio
737 4019 833 4064 nostra
864 4003 1023 4086 quidquam
1051 4001 1131 4061 infir·
1201 4003 1204 4010 '

69 4099 71 4105 Α
110 4111 113 4118 ’
180 4085 313 4148 11181111ΰῦ

732 4194 802 4268 '22
