2706 4782
573 259 657 327 15·

352 543 538 641 Caput
587 544 842 640 primum.

65 651 282 768 Explicantur
303 702 349 742 res
371 705 390 742 a
405 679 526 768 publico
548 677 751 742 Demosthenis
778 677 1026 743 administratione
1047 681 1121 746 alt'e-

114 810 184 860 nae,
206 788 417 872 maximamque
432 801 551 874 partem
574 800 643 848 ante
664 799 792 848 aetatem
804 783 997 870 Philppt'eam
1018 801 1121 868 actae:

116 891 230 950 Bellum
252 890 443 952 Deceleicum.
496 889 678 952 Athenarum
705 889 832 952 conditio
845 890 952 975 primis
966 905 1038 978 post
1059 891 1120 954 bel·
1182 905 1185 912 '

114 995 175 1056 lum
203 993 481 1082 Peloponnesiacum
509 993 691 1081 temporibus.
742 995 853 1078 Pugna
881 993 924 1055 ad
950 994 1121 1060 Haliartum

113 1102 275 1160 commissa.
320 1099 538 1162 Atheniensium
560 1099 705 1186 expeditio
728 1097 925 1164 Corinthiaco.
968 1101 1054 1162 Fusis
1079 1095 1124 1164 od

113 1205 242 1266 Leuctra
263 1203 520 1274 Lacedaemoniis,
554 1203 697 1266 Thebanis
718 1226 789 1265 uero
812 1203 855 1265 ad
875 1204 1017 1266 Grae'oiae
1032 1209 1121 1291 prtit-

113 1311 241 1395 cipatum
258 1310 379 1379 eoectis,
401 1332 473 1394 quas
481 1324 586 1396 partes
608 1308 782 1371 obtinuerint
795 1307 993 1371 Athenienses.
1040 1309 1121 1372 Oro-

103 1436 168 1500 pus
198 1412 265 1473 urbs
294 1411 515 1474 Atheniensibus
545 1437 564 1474 a
591 1411 733 1474 Thebanis
751 1413 910 1500 fraudata.
958 1411 1121 1477 Athenien-

110 1521 187 1577 sium
209 1520 240 1578 in
266 1516 416 1578 Euboeam
449 1518 593 1604 expeditio
617 1518 766 1580 aduersus
798 1515 949 1580 Thebanos
975 1530 1118 1608 suscepta.

115 1620 286 1684 Trierarchi
317 1623 481 1684 uoluntarii
514 1621 638 1684 Athenis
666 1623 797 1708 prunum
826 1624 959 1686 instituti.
1004 1625 1119 1688 Bellum

111 1727 229 1790 socrhle.

75 2009 99 2051 ι.
131 1987 196 2052 Or.
220 1984 264 2052 de
296 2007 364 2052 eor.
386 2009 420 2077 p.
444 1985 518 2054 258.
542 1982 594 2051 ed
616 1983 728 2052 heiste
751 1983 930 2071 bitinacius
950 1985 1050 2054 πολλὰ
1078 1986 1119 2054 ἂν

111 2091 247 2174 ἐχόντων
266 2095 494 2176 μνησικακῆσαι
515 2091 566 2156 καὶ
587 2091 774 2178 Κορινθίοις
793 2091 845 2156 καὶ
870 2089 1024 2176 Θηβαίοις
1044 2097 1119 2160 τῶν

112 2197 198 2282 περὶ
225 2192 292 2261 τὸν
320 2192 547 2263 Δεκελεικὸν
566 2193 733 2278 πόλεμον
753 2195 1013 2283 πραχθέντων.

158 2314 303 2382 Decelea
323 2316 455 2383 Atticae
477 2313 681 2410 oppidulum
701 2313 782 2398 fuit,
812 2313 912 2382 CXX
933 2314 1119 2386 stadiorum

24 2493 27 2498 ,
74 2417 245 2487 intervallo
285 2419 328 2486 ab
362 2413 505 2487 Athenis
543 2419 664 2502 situm,
705 2420 931 2512 Boeotiaeque
972 2422 1117 2490 confine.

79 2525 184 2592 Thuc
213 2523 281 2591 v11
288 2575 299 2608 ,
334 2545 383 2616 ¹9·
429 2525 502 2592 Hoc
529 2523 807 2617 Peloponnesiaci
834 2520 918 2590 belli
948 2547 1036 2594 anno
1060 2524 1119 2592 de-

74 2630 160 2696 cimo
181 2631 342 2723 septimo,
371 2651 478 2721 quum
506 2653 573 2722 pax
601 2629 753 2722 quinque
783 2628 881 2695 annis
910 2646 1006 2696 antea
1034 2629 1146 2712 sacta

71 2733 113 2800 ad
134 2732 262 2800 bellum
283 2757 397 2802 rursus
428 2731 634 2814 declinabat,
656 2747 696 2800 ut
717 2731 910 2800 obsiderent
930 2734 1120 2804 munirent-

13 2879 14 2895 ι
70 2863 135 2931 que
158 2839 440 2906 Lacedaemonios
463 2836 688 2905 exstimulavit
714 2835 919 2919 Alcibiades,
941 2863 1049 2932 quum
1070 2839 1119 2908 sa·
1184 2927 1186 2934 Α

69 2941 196 3011 cillime
217 2942 301 3012 inde
321 2944 470 3012 Athenas
498 2941 750 3010 incursionibus
771 2942 944 3036 perpetuis
974 2943 1118 3012 convelli

69 3048 339 3139 interclusosque
368 3047 517 3114 terrestri
551 3063 739 3115 commeatu
769 3063 803 3113 et
830 3043 973 3113 metallis
995 3047 1117 3118 Laurio

13 3152 289 3223 redeuntibus
320 3153 469 3245 opprimi
507 3151 730 3218 Athenienses
763 3173 861 3245 posse
889 3149 1117 3245 polliceretur.

13 3215 14 3357 l
71 3259 180 3325 Thac.
205 3258 272 3340 VI,
299 3278 354 3379 9ι.
381 3258 435 3346 93.
480 3256 562 3322 Eius
594 3255 698 3346 igitur
729 3278 829 3322 suasu
858 3253 1118 3326 Lacedaemonii

13 3364 15 3434 l
70 3387 145 3430 cum
163 3364 274 3444 sociis,
296 3363 335 3428 in
350 3361 475 3454 quibus
490 3358 683 3428 Corinthios
700 3375 734 3428 et
753 3361 894 3428 Boeotos
908 3381 971 3482 per
985 3361 1118 3430 univer·

71 3491 142 3535 snm
155 3466 242 3534 belli
255 3465 531 3560 Peloponnesiaci
544 3466 689 3558 spatium
702 3465 1002 3556 praestantissimos
1016 3465 1118 3534 fuisse
1191 3485 1195 3492 ’

75 3589 215 3652 ansus,
243 3573 384 3640 ineunte
404 3567 489 3638 balli
510 3592 599 3636 anno
621 3567 889 3654 undevicesimo,
910 3569 949 3637 id
970 3587 1020 3638 est
1039 3593 1118 3637 vere

76 3676 209 3770 Olymp.
228 3676 321 3759 XCI,
343 3678 376 3760 3,
399 3674 485 3742 duce
506 3672 626 3766 Apide,
648 3673 992 3743 Lacedaemoniorum
1013 3673 1117 3744 altero

70 3803 164 3874 rege,
197 3782 454 3874 impressionem
482 3779 520 3845 in
541 3779 688 3847 Atticam
714 3777 892 3860 deomant,
925 3794 1116 3871 assutaque

70 3901 155 3954 terra
177 3885 356 3954 Deceleam
377 3883 662 3953 communierunt
706 3883 813 3950 Thuc.
837 3883 914 3964 Vll,
941 3904 991 3975 ι9,
1013 3882 1116 3954 Diod.

71 3987 134 4056 Sic.
167 3991 330 4080 x111‚9‚
363 3991 423 4080 qui
452 3987 515 4056 sub
547 3987 687 4080 Olymp.
720 3987 818 4069 XCI,
851 3988 874 4072 h
911 3986 1118 4081 praesidium

71 4093 230 4162 Deceleae
261 4097 455 4188 impositum
484 4090 599 4174 tradit,
622 4115 686 4190 suo·
712 4114 806 4160 more
835 4116 910 4158 rem
936 4116 1013 4162 vere
1035 4091 1117 4159 anni
