2694 4784
686 273 694 292 '
746 264 809 338 446

256 436 382 506 diutins
405 437 472 503 iam
494 434 726 520 meditabatur,
750 456 830 504 tunc
850 437 1163 530 perfecturus-erat,
1186 437 1290 504 inPe-

212 527 216 538 ⁸
254 539 476 636 loponnesum
497 542 727 633 impressione.
774 543 908 606 Praeter
930 543 1016 609 hauc
1039 542 1130 607 enim
1147 542 1290 608 neeMe-

255 670 410 738 garorum
442 644 505 712 nec
539 645 696 713 Euboeae
727 671 745 711 a
779 643 938 739 Philippo
962 646 1131 739 periculis
1153 647 1292 713 intenta-

254 747 395 817 tae'ulla
412 749 458 836 ¹fit
479 751 604 818 mentio
634 750 671 814 in
696 749 929 816 Demosthenis
953 771 1001 816 or.
1025 749 1110 815 Phil.
1135 751 1187 832 ll,
1210 771 1291 842 quae

254 853 393 946 Olymp.
425 853 505 919 CIX
534 878 563 942 a.
599 877 609 919 1
641 854 756 919 habita
783 869 848 932 est,
878 847 1082 945 eodemque,
1104 869 1143 922 ut
1165 853 1292 923 easdem

253 957 297 1024 oh
334 981 446 1023 causas
481 955 640 1049 equidem
678 956 923 1037 contenderim,
963 959 1100 1024 ineunte
1132 956 1291 1026 mediove.

252 1059 383 1129 Eodem
406 1063 530 1126 etenim
553 1085 641 1129 anno
664 1061 833 1129 Diodorus
864 1061 977 1150 (XVI,
1006 1061 1062 1151 69)
1095 1061 1292 1156 Philippum

252 1165 289 1232 in
310 1163 512 1232 'Ihessaliam
538 1164 747 1232 descendisse
767 1164 879 1246 refert,
902 1167 1073 1232 intestinas
1087 1167 1212 1249 turbas,
1233 1189 1293 1232 uu-

250 1263 561 1360 perrime'exortas
586 1271 859 1362 compositurum,
880 1285 1059 1364 postquam
1084 1269 1293 1364 expeditione

180 1461 182 1468 Ι
251 1373 399 1466 Illyrica,
415 1375 511 1439 antea
524 1392 685 1466 suscepta,
700 1372 842 1466 feliciter
858 1391 942 1440 esset
953 1375 1157 1465 perfunctus.
1202 1373 1292 1441 Hanc

252 1477 495 1570 expeditionem
517 1479 623 1569 igitur
644 1480 672 1544 si
697 1477 835 1570 Olymp.
859 1480 925 1543 iam
949 1477 1075 1558 CVIII,
1098 1478 1120 1566 4
1143 1502 1292 1572 suscepe-

249 1599 311 1662 rat,
335 1581 427 1674 quod
451 1587 588 1650 omnino
611 1581 822 1648 statuendum
847 1601 910 1663 est,
932 1581 1137 1648 Thessaliam
1161 1584 1290 1676 petierit

251 1685 400 1779 Olymp.
415 1684 493 1751 CIX
517 1711 544 1751 a.
579 1711 590 1751 1
626 1686 739 1754 medio
767 1704 823 1753 aut
845 1704 992 1753 exeunte.
1041 1686 1196 1781 Indeque
1219 1709 1290 1754 eum

221 1792 372 1881 ,opinor
404 1791 441 1854 in
480 1787 748 1881 Peloponnesum
786 1792 941 1868 traiicere
979 1788 1179 1860 meditatum
1218 1815 1292 1858 esse.

249 1891 380 1960 Eodem
402 1895 494 1959 enim
516 1910 668 1985 tempore
689 1894 929 1961 Demosthenes
951 1895 1174 1964 Athenienses
1195 1895 1295 1963 refert

249 1995 292 2063 ad
315 1998 484 2090 Drymum
506 1999 558 2084 (in
581 1996 743 2088 Phocide)
767 2016 799 2064 et
812 1999 993 2072 Panactum
1009 2001 1120 2092 copias
1144 2002 1294 2068 emittere

249 2120 379 2169 coactos
413 2123 560 2168 essetn.
589 2127 729 2190 παροσρ.
759 2127 793 2193 p.
827 2101 902 2188 446.
954 2105 995 2168 ln
1027 2101 1296 2198 Peloponnesum

249 2206 352 2298 igitur
380 2223 418 2270 ut
438 2228 501 2296 per
528 2204 693 2280 Isthmum
721 2208 873 2273 traiicere
898 2225 1032 2298 posset,
1056 2209 1145 2275 nihil
1175 2209 1295 2276 arden-

249 2309 313 2375 tius
337 2309 373 2373 in
395 2309 478 2375 v'otis
500 2308 672 2390 habuerit,
704 2333 805 2402 quam
835 2329 871 2377 ut
900 2313 1038 2402 Megara
1066 2336 1126 2380 suo
1156 2314 1293 2381 arbitrio

227 2430 324 2507 (ante
351 2430 463 2505 posset
493 2413 674 2481 obnoxiam
702 2413 853 2480 reddere.
907 2413 1129 2509 Eandemque
1153 2419 1198 2486 ob
1221 2441 1296 2485 cau·

248 2541 329 2600 sam,
353 2541 458 2609 quum
478 2517 561 2584 hinc
584 2516 745 2610 depulsus
767 2537 860 2600 esset,
883 2521 993 2587 statim
1014 2539 1132 2589 contra
1153 2525 1297 2590 Ambra-

248 2621 335 2688 ciam
365 2644 540 2689 conversus
564 2639 613 2688 est
635 2621 774 2714 Olymp.
800 2622 897 2705 clx,
921 2647 952 2706 a,
974 2641 1012 2706 ut
1032 2629 1095 2718 per
1116 2651 1213 2695 mare
1234 2627 1296 2692 Pe-

247 2725 472 2818 loponnesum
508 2723 763 2818 ingrederetur,
807 2725 884 2802 Sed,
911 2728 999 2796 hanc
1028 2755 1146 2798 rerum
1174 2727 1308 2799 seriem'

246 2827 381 2896 melius
396 2844 580 2922 sequentes·
602 2832 896 2899 'commentationes
922 2857 975 2900 nr.
1011 2837 1029 2904 5
1059 2851 1092 2901 et
1113 2836 1143 2905 ·6
1171 2835 1296 2906 confu-

246 2934 394 3002 mabunt.

334 3037 511 3130 Occepere
535 3053 645 3104 autem
665 3033 865 3132 Philippum
886 3033 1023 3135 Megara
1042 3061 1205 3112 conatum
1226 3065 1295 3110 esse

246 3140 389 3233 urbique
410 3140 615 3234 praesidium
626 3142 812 3235 imponere,
830 3145 1070 3215 Demosthenes
1091 3134 1295 3216 loeis'innu-

244 3247 347 3311 meris
376 3244 489 3312 docet:
519 3274 551 3313 τι.
574 3271 714 3335 σαροιιρ.
745 3272 780 3339 p.
810 3249 888 3316 368:
918 3252 968 3320 καὶ
998 3251 1062 3338 μὴν
1086 3253 1171 3337 μετὰ
1194 3259 1296 3321 τοῦτο

244 3346 352 3425 ὁσάκις
374 3349 452 3433 πρὸς
473 3354 624 3441 Πορθμῷ
644 3351 665 3435 ἢ
687 3350 768 3438 πρὸς
788 3352 952 3439 Μεγάροις
973 3353 1139 3434 ἀκούοντες
1162 3357 1295 3442 dirupto

247 3455 404 3519 Φιλίππου
425 3455 475 3518 καὶ
497 3455 604 3532 ξένους
624 3456 833 3542 ἐθορυβεῖσθε
838 3509 848 3539 ,
870 3457 986 3536 πάντες
1007 3461 1194 3538 ἐπίστασθε.
1244 3461 1295 3528 Cf.

242 3580 281 3648 p.¹
299 3554 384 3641 404,
406 3555 494 3642 44.6
547 3555 696 3650 Philipp.
728 3559 792 3641 111,
828 3588 861 3654 p.
890 3565 971 3644 115,
1007 3567 1076 3632 118.
1122 3567 1169 3633 Et
1191 3567 1295 3633 ratio-

242 3683 339 3740 nem,
370 3682 436 3752 qua
470 3656 512 3724 ad
534 3661 681 3754 incepta·
697 3663 777 3729 haee
806 3665 1004 3734 violentiora
1028 3693 1105 3734 ansa
1129 3668 1293 3762 Philippo

240 3765 393 3856 praebita
415 3763 467 3844 sit,
490 3765 617 3856 optime
644 3767 803 3836 orationis
831 3799 864 3838 n.
892 3797 1032 3860 σοραπρ.
1062 3773 1292 3865 414351111-

240 3883 346 3935 strant
366 3867 448 3934 baec
470 3867 589 3936 verba:
623 3871 658 3936 σι’
676 3873 720 3954 δ’,·
749 3873 781 3938 ἔν
806 3874 970 3964 Μεγάροις
992 3877 1050 3950 οὐκ
1070 3876 1181 3950 οἴεσθε
1217 3878 1296 3946 εἶναι’

239 3997 310 4038 τινα
331 3973 463 4057 κλέπτην
484 3975 534 4038 καὶ
556 3976 782 4061 παρεκλέγοντα
804 3977 843 4042 τὰ
865 3977 972 4062 κοινάς
1004 3980 1132 4067 ἀνάγκη,
1159 3987 1214 4052 καὶ
1238 3983 1295 4048 σε’-

237 4101 343 4164 ριηνεν.
372 4079 419 4151 τίς
449 4076 548 4154 αἴτιος
576 4076 691 4146 αὐτόθι
717 4086 778 4148 νῦν·
804 4080 923 4148 τούτων
951 4091 1019 4149 τῶν
1042 4087 1294 4173 συμβεβηκότων
