2694 4784
544 277 589 348 ild

488 365 647 390 m

48 469 94 514 sus
122 445 161 512 fit
188 446 335 514 mentio.
379 439 514 516 Deinde
540 463 612 514 non
638 460 768 515 senatus
797 443 1005 530 consultum,
1033 445 1094 516 sed

47 551 84 616 de
111 548 273 618 creandis
303 547 418 640 legetis
447 545 688 642 populiscitum
717 573 786 618 esse
813 550 914 618 verbe
941 551 1093 637 δεδόχθαι

48 661 80 744 τῇ
109 660 211 745 βουλῇ
242 655 365 744 καὶτῷ
387 651 477 744 δήμῳ
499 655 643 740 πρέσβεις
670 653 797 723 ἑλέσθαι
825 653 914 722 haud
936 656 1093 748 ambigue

50 757 188 824 indicere
202 756 376 826 videntur.
421 755 650 826 Nihilominus
667 761 908 851 repugnantiae
922 760 1003 828 istae
1019 761 1091 827 sine

53 886 156 956 magne
171 859 373 930 difficultate
386 860 468 932 solvi
480 863 660 954 potuerint.
700 863 787 932 Nam
802 889 919 958 quum,
940 883 980 932 ut
990 863 1091 934 modo

57 965 200 1046 vidimus,
217 965 415 1034 maturandi
436 967 566 1034 itineris
588 964 772 1058 legatorum
793 968 940 1062 populus
962 970 1089 1037 senatui

53 1087 239 1162 potestatem
261 1069 412 1153 fecisset,
440 1070 526 1164 quid
546 1073 583 1138 ni
607 1071 851 1142 Demosthenes
872 1073 1017 1142 formula
1038 1075 1091 1140 de·

53 1174 154 1258 δόχθαι
176 1183 221 1264 τῇ
243 1181 347 1264 βουλῇ
368 1178 419 1244 καὶ
439 1181 485 1266 τῷ
514 1176 605 1267 δήμῳ
633 1179 682 1244 uti
710 1179 748 1246 in
777 1195 909 1246 senatus
939 1175 1090 1246 consulto
1192 1177 1196 1188 ’

51 1281 163 1370 potuit,
194 1303 271 1348 non
293 1295 426 1346 senatus
447 1279 566 1363 solius,
594 1279 654 1350 sed
675 1279 794 1374 populi
816 1305 953 1375 quoque
975 1300 1092 1351 sucto-

51 1383 134 1450 ritete
156 1409 197 1450 ao
220 1383 396 1454 voluntate
417 1386 629 1477 conscripto?
656 1383 792 1454 Deinde
814 1385 904 1478 quod
926 1387 970 1454 ed
990 1387 1093 1454 verbe

53 1489 157 1556 ntdnet
180 1489 244 1556 τὸν
273 1491 308 1558 δὲ
337 1490 514 1578 στρατηγὸν
539 1489 701 1578 Πρόξενον
733 1493 867 1576 κομίζειν
896 1491 1011 1571 αὐτοὺς
1042 1494 1092 1560 ἐπὶ

53 1591 114 1668 wig
132 1591 268 1677 τόπους,
292 1595 325 1662 ἒν
346 1591 394 1672 οἷς
415 1594 455 1662 ἂν
476 1594 553 1662 ὄντα
577 1598 734 1664 Φίλιππον
759 1594 968 1684 πυνθάνηται,
993 1620 1031 1663 ea
1053 1597 1091 1664 in'

56 1692 164 1764 decreti
186 1699 400 1793 autographo
422 1717 553 1766 exorem
574 1698 685 1780 fuisse,
708 1697 852 1766 dubitari
875 1724 1091 1794 nequequam

60 1799 121 1866 sinit
138 1801 300 1884 additum
315 1803 566 1872 eDemosthene
580 1802 719 1890 γράψας,
737 1803 836 1890 ὥςπερ
852 1809 908 1870 νῦν
921 1805 1009 1890 λέγω,
1024 1814 1092 1884 τοῖς

56 1901 175 1989 ῥήμασιν
190 1908 297 1986 οὕτως
312 1908 465 2000 ἄντικρυς.
508 1909 556 1976 At
570 1907 760 2002 apographa
778 1904 929 1976 solebant
945 1925 1090 1976 oratores

55 2029 111 2079 nou
131 2009 174 2080 ed
194 2013 342 2080 verbum
364 2011 564 2095 describere,
586 2012 646 2082 sed
666 2011 709 2080 ed
734 2012 964 2103 tempestivum
985 2012 1091 2105 magis

56 2133 139 2181 usum
159 2116 429 2198 accommodare,
452 2117 528 2198 elie,
549 2141 635 2210 quse
651 2115 779 2184 adrem
792 2119 905 2184 minus
920 2119 1091 2212 pertinere

59 2215 262 2302 videbantur,
294 2221 496 2304 omittendo,
535 2221 602 2290 elie
630 2222 668 2290 ih
688 2219 823 2290 brevius
846 2220 1048 2316 colligendo.
1058 2223 1090 2310 *)

59 2317 153 2412 Atque
173 2325 347 2394 eiusmodi
366 2326 559 2419 apographo
570 2350 689 2419 magna
706 2324 919 2394 decretorum
930 2351 1008 2420 pers
1031 2344 1090 2407 est,

64 2445 135 2510 quac
158 2449 293 2498 exstent
321 2432 358 2496 in
388 2455 437 2498 or.
465 2429 509 2496 de
537 2453 605 2498 cor.
657 2431 772 2522 Itaque
800 2432 838 2498 in
873 2429 939 2499 hoc
975 2449 1090 2500 nostro

69 2549 177 2622 quoqne
200 2535 341 2603 decreto
364 2532 407 2602 de
430 2525 594 2604 industrie
616 2559 636 2600 a
665 2532 891 2602 Demosthene
919 2535 1091 2602 Proxenus

64 2628 225 2725 imperator
249 2639 389 2708 omissus
412 2651 481 2706 esse
503 2640 618 2733 possit,
641 2661 707 2732 quo
727 2639 833 2730 magis
858 2641 967 2710 omnis
988 2657 1092 2708 reter-

63 2731 119 2805 dati
136 2743 269 2812 itineris
291 2741 392 2837 culpe
413 2745 450 2810 in
478 2744 559 2838 ipsis
581 2743 697 2838 legetis
720 2761 905 2837 appareret,
929 2743 990 2837 qui
1010 2765 1093 2838 pro·
1135 2787 1137 2792 ·

62 2840 134 2910 xime
157 2851 210 2915 vie
238 2847 283 2916 ed
309 2847 509 2943 Philippum
537 2845 675 2916 tendere
703 2873 724 2914 e
749 2858 866 2916 senatu
893 2846 1092 2942 populoque

61 2943 127 3016 iussi
157 2970 263 3020 erent.
307 2953 394 3021 Nem
415 2954 594 3048 quominus
615 2953 856 3046 populiscitum
878 2975 947 3020 esse
976 2949 1092 3020 decro-

61 3062 120 3117 tum
138 3054 202 3125 hoo
225 3075 416 3141 statuamus,
438 3058 572 3126 obstent
591 3060 741 3152 primum
764 3059 839 3152 ipse
852 3055 1090 3126 Demosthenis

23 3223 24 3226 ,
61 3156 160 3228 verba:
183 3163 311 3251 ἕχραψα
330 3161 488 3247 βουλεύων
510 3161 553 3233 de
575 3187 643 3232 cor.
664 3185 700 3255 p.
733 3163 808 3242 233,
836 3184 922 3254 quae
951 3161 1090 3230 nonnisi

62 3250 94 3322 de
113 3264 210 3334 rebus
228 3271 266 3334 in
279 3282 394 3333 senatu
409 3264 549 3334 decretis
563 3264 834 3360 usurpentur.**)
878 3267 970 3332 Tum
983 3267 1012 3332 si
1029 3287 1092 3356 po-

61 3361 242 3448 puliscitum
266 3390 299 3440 et
319 3389 451 3440 senatus
474 3370 664 3442 commum
690 3369 849 3466 deinceps
872 3368 1003 3442 tulisset
1022 3371 1093 3438 De-

62 3571 358 3606 Μ

23 3787 24 3820 ,
94 3693 119 3777 'l
141 3702 187 3765 Cf.
210 3729 242 3769 ea
264 3707 303 3770 de
324 3731 357 3771 re
379 3709 461 3794 Bingi
482 3708 520 3771 de
542 3707 620 3772 decr.
642 3709 711 3772 Ate.
732 3731 765 3792 p.
790 3707 853 3772 385
874 3727 943 3794 sqq.

97 3833 128 3916 *')
146 3843 198 3906 ,Ita
231 3847 269 3908 de
297 3871 356 3909 cor.
387 3873 418 3932 p.
449 3847 526 3920 234:
561 3846 587 3910 ei
615 3843 649 3909 δὲ
669 3841 827 3927 βουλεύων
848 3841 907 3930 lyci
929 3839 1094 3930 προςάγειν

23 3971 24 3982 ,
137 3927 210 4004 τοὺς
230 3931 373 4022 πρέσβεις
402 3931 490 4020 ᾤμην
512 3933 575 4010 δεῖν
598 3953 665 4010 etc,
689 3959 748 4020 qua
771 3935 862 3996 dere
885 3951 998 3996 senatus
1020 3955 1093 3994 con·

137 4018 238 4182 {clippi
254 4025 485 4170 {gemm
500 4023 605 4084 factum
627 4039 678 4084 est.
724 4023 763 4084 V.
778 4024 883 4084 Aesch.
905 4045 938 4084 π.
950 4039 1092 4104 uapore.
